2048 3488
128 208 174 288 5²
267 189 308 263 P.
325 186 810 269 VenotnrrManonre

125 322 239 384 Distulit
251 324 280 382 in
292 323 380 383 seram
391 322 532 384 commilia
544 320 656 401 piacula
667 337 797 385 mortem

125 421 270 481 Continuo
278 418 368 480 sontes
389 419 473 478 ultrix
489 419 731 500 accindaflagello

123 517 277 596 Tifipbone
294 516 383 594 quatit
395 514 537 583 insultans,
568 513 715 594 torvosque
726 515 831 577 sunillra

122 612 263 672 intentans
272 617 387 691 an'gues,
404 623 487 668 vocat
499 608 612 688 agmina
623 607 693 669 saeva
711 610 846 672 sororum.

162 711 241 769 Tum
260 710 373 769 demum
384 706 528 767 horrisono
535 706 678 767 stridentes
685 708 887 773 cardinesacroe

121 802 280 863 Panduntur
291 816 386 881 portae.
416 800 516 870 cernis,
527 799 648 859 custodia
656 800 746 879 qualia
859 870 863 875 ,

120 900 264 960 Vestibulo
275 897 364 958 sedeat
375 902 385 955 ?
405 896 493 954 facies
503 916 566 974 quae
575 895 673 955 limina
684 895 792 960 servet?
885 972 887 981 Ι

122 996 331 1076 Quinquaginta
341 993 406 1053 atris
417 993 545 1052 immanis
552 993 671 1052 hiatibus
682 978 784 1073 Hydra

122 1095 226 1154 Saevior
237 1096 309 1155 intus
319 1093 400 1154 habet
412 1091 521 1152 sedem:
541 1107 602 1152 tum
611 1094 744 1154 Tartarus
756 1094 813 1175 ipse

119 1191 166 1250 Bis
176 1205 250 1269 patet
261 1192 290 1250 in
303 1209 423 1269 praeceps
435 1202 551 1258 tantum,
572 1189 714 1268 tenditque
725 1189 775 1250 snb
786 1191 888 1253 umbra.⁴

119 1287 246 1365 Quantus
257 1287 290 1347 ad
305 1287 451 1346 aethereum
468 1286 532 1345 coeli
554 1285 687 1365 suspectus
702 1286 869 1369 Olympum·

118 1383 179 1443 Hic
189 1406 274 1466 genus
287 1386 431 1463 antiquum
443 1398 530 1452 terrae,
549 1384 663 1443 Titania
675 1384 771 1463 pubes,
878 1410 889 1472 3

117 1479 360 1558 Fulminedejedi
379 1477 467 1536 fundo
476 1475 624 1535 volvuntur
635 1477 666 1536 in
676 1478 745 1538 imo.

116 1570 175 1630 Hic
187 1578 213 1632 δι
222 1569 339 1632 Aloidas
347 1568 473 1647 geminos
491 1566 624 1625 immania
635 1565 694 1626 vidi

116 1669 258 1746 Corpora:
285 1668 334 1745 qui
347 1663 471 1724 manibus
483 1683 615 1742 magnum
629 1662 779 1725 rescindere
789 1665 889 1727 coelum

116 1763 250 1842 Aggressi,
268 1760 422 1840 superisque
431 1762 530 1838 Jovem
540 1760 682 1820 detrudere
690 1763 791 1842 regnis.

116 1857 184 1915 Vidi
196 1864 221 1916 δι
234 1855 475 1915 crudelesdantem
487 1855 632 1914 Salmonea
641 1877 745 1936 poenas,
875 1884 889 1944 ς

115 1951 194 2010 Dum
203 1953 325 2011 flammas
336 1952 411 2030 Jovis
420 1957 447 2008 δε
458 1951 560 2010 sonitus
572 1952 695 2012 imitatur
704 1953 832 2035 Olympi.

114 2048 242 2126 Qatuor
251 2048 297 2107 hic
308 2048 429 2105 invedus
439 2049 528 2125 equis,
542 2054 566 2106 δι
580 2047 707 2127 lampada
716 2051 849 2128 qualium,

112 2145 165 2205 Per
173 2148 292 2225 Grajum
303 2146 420 2226 populos
438 2145 589 2224 mediaeque
601 2167 650 2225 per
658 2147 746 2207 Elidis
758 2142 861 2213 urbem·

111 2243 175 2304 Ibat
186 2263 280 2315 ovans,
298 2243 448 2322 divumque
459 2242 507 2302 fibi
521 2241 647 2322 poscebat
659 2244 805 2316 honorem,

110 2342 251 2404 Demens!
271 2345 320 2422 qui
335 2343 444 2403 nimbos
464 2347 559 2402 &non
571 2343 703 2404 imitabile
715 2345 823 2409 fulmen
873 2376 886 2421 ς

110 2436 179 2494 AEre
190 2443 217 2495 δι
231 2437 410 2515 cornipedum
423 2433 501 2515 pulsu
512 2435 649 2496 {imularat
661 2455 808 2515 equorum.
872 2424 881 2432 ’

110 2535 152 2592 At
160 2550 237 2612 pater
245 2537 419 2613 omnipotens
430 2532 511 2592 densa
520 2534 592 2593 inter
602 2534 698 2594 nubila
708 2537 795 2609 telum

111 2628 262 2700 Contorsrt,
270 2651 326 2690 non
337 2630 384 2688 ille
397 2629 480 2697 faces,
498 2648 548 2688 nec
560 2629 655 2689 fumea
665 2630 744 2691 taedis

108 2723 238 2795 Lumina,
246 2726 468 2804 praecipitemque
479 2725 593 2784 immani
603 2725 711 2786 turbine
723 2726 827 2808 adegit.

106 2824 264 2882 Necnon&
273 2827 390 2898 Tityon,
403 2837 482 2882 tetrae
493 2824 688 2902 omniparentis
698 2824 854 2899 alumnum,
867 2850 891 2913 55

107 2918 226 2976 Cernere
238 2931 313 2984 erat3
333 2936 382 2994 per
391 2929 450 2974 tota
458 2933 559 2975 novem
569 2916 614 2976 cui
623 2917 720 2996 jugera
731 2936 834 2999 corpus

104 3012 266 3095 Ponigitur,
293 3013 433 3094 rostroque
443 3011 569 3075 immanis
578 3012 670 3075 vultur
682 3013 794 3077 obunco

803 3114 892 3181 Imm<
