2048 3488
101 170 149 248 6ae
246 168 287 243 P.
309 166 529 241 Vrncunn
557 163 772 245 Minoum

101 307 286 385 Sistetequen:
307 303 404 363 sternet
415 302 525 370 Poenoa,
544 300 716 382 Gallumque
727 304 871 382 rebellem,
897 300 922 365 l..

100 401 254 480 Tertiaque
266 418 342 459 arma
351 398 422 476 patri
434 396 575 476 suspendet
586 414 666 479 capta
679 401 809 480 Quirino.

102 497 199 576 Atque
209 496 255 556 hic
264 496 385 562 AEneas3
406 512 462 552 una
473 512 593 572 namque
603 495 645 554 ire
654 496 766 559 videbat
864 500 926 567 860

101 596 255 676 Egregium
263 594 354 655 forma
362 593 493 670 juvenem
505 598 531 651 δι
543 593 710 672 fulgentibus
722 596 816 668 mmm,

104 691 159 752 Sed
167 692 244 753 frons
254 691 318 751 laeta
326 707 434 770 parum,
453 694 479 747 δι
491 687 596 764 dejecto
609 689 715 750 lumina
726 693 822 765 vultus

103 785 184 856 Quis,
193 799 280 866 pater,
299 784 356 853 ille,
380 784 471 841 virum
483 781 532 859 qui
545 781 581 840 sic
592 783 739 849 comitatur
746 790 884 851 mntem?

104 880 204 950 Filius,
228 899 299 939 anne
310 875 409 955 aliquis
419 893 520 953 magna
532 874 567 932 de
576 875 655 955 llirpe
667 889 822 958 nepotum?

105 971 928 1058 Qnisstrepituscircacomitum!quantuminstarinipsogst!
962 1018 967 1025 .

105 1073 158 1134 Sed
171 1092 229 1133 nox
241 1084 300 1130 atra
311 1082 394 1147 caput
405 1067 472 1129 tristi
483 1066 665 1128 circumvolat
676 1072 784 1133 umbra
863 1078 922 1141 866

15 1221 18 1226 .
105 1171 184 1230 Tum
196 1182 274 1248 pater
286 1163 417 1226 Anchises
428 1162 556 1241 lacrymis
566 1163 695 1242 ingressus
704 1167 825 1231 obortit:

106 1271 137 1329 0
148 1281 220 1336 nate,
239 1268 379 1346 ingentem
390 1264 496 1323 lunum
509 1281 544 1320 ne
552 1282 643 1340 quaere
657 1278 787 1326 tuorum:

107 1365 258 1427 Ostendent
267 1364 344 1426 terris
356 1364 429 1435 hunc
440 1374 547 1419 tanturn
561 1358 628 1429 fata,
646 1381 736 1441 neque
746 1363 819 1425 ultra
846 1364 849 1369 ’

106 1464 168 1524 Em
179 1464 273 1523 sinent.
312 1462 429 1521 nimium
437 1457 517 1518 vobis
530 1458 657 1519 Romana
668 1479 794 1541 propago
864 1464 924 1547 ⁸20

106 1567 174 1626 Visa
182 1580 290 1646 potem,
308 1564 407 1643 supen',
426 1560 538 1642 propria
550 1560 609 1620 haec
621 1561 642 1620 fi
653 1562 728 1625 dona
739 1562 858 1628 fuissent.

107 1666 234 1742 Quantos
242 1664 289 1726 ille
298 1664 388 1723 virum
404 1680 533 1741 magnam
547 1660 684 1720 Mavortis
699 1660 735 1720 ad
747 1661 846 1724 urbem
947 1718 950 1723 .

106 1767 230 1844 Campus
242 1775 306 1844 aget
317 1761 451 1842 gemitus!
472 1760 517 1821 vel
529 1779 602 1839 quae.
614 1760 767 1839 Tyberim,
778 1760 888 1827 videbi·

106 1863 225 1931 Funera,
244 1882 309 1921 cum
321 1858 457 1918 tumulum
470 1858 658 1937 praeterlabere
670 1862 825 1921 recentem!

106 1958 171 2019 Nec
183 1977 251 2036 puer
264 1956 347 2015 Iliaca
360 1954 503 2033 quisquam
516 1952 551 2013 de
568 1969 650 2035 gente
661 1956 774 2035 Latinos
866 1962 925 2045 875

107 2060 144 2123 In
156 2070 264 2116 tantum
276 2054 322 2134 spe
334 2055 412 2114 tollet
424 2072 505 2114 avos:
526 2073 576 2113 nec
591 2056 712 2116 Romula
724 2055 867 2136 quondam

2 2163 6 2170 '
107 2155 180 2215 Ullo
192 2154 219 2214 se
232 2168 339 2213 rantum
352 2152 431 2212 tellus
440 2152 556 2231 jactabit
566 2153 688 2214 alumno.

107 2251 175 2312 Heu
188 2253 289 2332 pietas!
310 2252 363 2311 heu
376 2250 464 2332 prisca
479 2248 556 2320 fides,
584 2248 828 2330 invictaquebelln

67 2343 69 2348 ’
107 2348 247 2410 Dextera!
267 2369 325 2408 non
336 2348 377 2406 illi
388 2345 534 2426 quisquam
546 2345 574 2405 se
584 2346 697 2429 impune
709 2345 809 2405 tulisset

56 2516 59 2521 ,
107 2444 341 2514 Obviusarmato,
367 2442 413 2503 seu
426 2462 490 2517 cum
501 2442 809 2523 pedeairetinholm
867 2446 928 2511 tae

107 2547 162 2606 Seu
174 2542 322 2623 spumantis
334 2542 399 2621 equi
409 2541 516 2601 foderet
527 2543 675 2603 calcaribus
687 2562 788 2603 mmm.

107 2642 185 2711 Heu,
204 2637 352 2700 miserande
363 2638 445 2717 puer!
474 2637 495 2696 si
507 2658 563 2716 qua
573 2637 629 2698 sata
640 2638 733 2721 aspera
744 2658 866 2720 rumpas,

105 2734 156 2793 Tu
172 2732 321 2793 Marcellus
335 2731 396 2789 eris.
417 2730 614 2792 manibuedate
624 2732 683 2793 lilia
694 2732 801 2812 plenis:
831 2721 843 2751 '¹

105 2829 259 2907 Purpureos
271 2827 394 2908 spargam
407 2825 497 2895 flores,
516 2828 690 2907 animamque
698 2826 807 2908 nepotis
907 2880 910 2885 .

106 2925 161 2984 His
171 2925 264 2986 saltem
276 2922 449 2985 accumulem
458 2923 550 2994 donis,
569 2929 595 2982 δι
611 2923 710 3003 fungar
722 2923 799 2984 inani
867 2928 928 3007 885

106 3024 235 3084 Munere.
254 3023 290 3085 fic
303 3018 587 3100 totapaffinregtone
603 3031 737 3101 vagantur

842 3115 930 3183 Anu
