2048 3488
283 161 732 265 AEnrtuosLtrrn'Xa
824 192 890 274 149

71 298 205 385 Namque
214 304 286 364 aliud
296 305 362 385 quid
373 305 414 374 fit,
436 304 511 384 quod
519 305 577 382 jam
584 307 731 385 implorare
738 316 886 389 queamus?

72 406 172 466 Cernis
185 421 215 465 ut
225 405 352 464 insultent
365 405 472 474 Rutuli,
501 399 666 486 Turnusque
679 406 779 469 seratur
848 431 885 472 20

70 501 125 561 Per
136 502 240 561 medios
250 500 454 580 insignisequis‚
473 501 646 580 tumidusque
652 501 770 564 secundo

70 596 166 655 Marte
175 601 255 654 ruat?
275 614 331 653 non
342 594 431 654 clausi
437 609 534 674 tegunt
543 596 602 673 jam
612 598 715 657 muenia
721 599 843 659 Teucros
855 624 863 660 ε

70 689 149 765 Quin
160 689 231 748 intra
242 703 343 767 portat,
368 702 450 766 atque
462 689 523 767 ipsn
536 690 629 768 praelia
639 690 754 751 miscent

68 784 226 864 Aggeribus
237 800 389 851 murorum,
407 783 575 843 &inundant
583 783 711 863 sanguine
720 785 801 847 fouae.

67 881 171 940 AEnem
181 880 291 961 ignarus
303 879 384 937 abest.
405 899 581 958 nunquamne
591 879 676 942 levari
840 904 876 965 ²5

66 974 315 1038 Obsidioneiines?
335 976 419 1034 muris
431 976 531 1041 iterum
543 977 668 1037 imminet
678 979 760 1040 hostie

64 1070 209 1135 Nascentis
224 1072 330 1150 Trojae,
355 1090 475 1131 necnon
487 1073 618 1133 exercitus
636 1057 704 1134 alter
709 1099 719 1144 ι

62 1166 159 1244 Atque
168 1165 269 1227 iterum
281 1167 311 1223 in
319 1166 443 1224 Teucros
455 1165 556 1224 AEtolis
568 1165 653 1246 surgit
663 1166 699 1227 ab
712 1169 796 1247 Arpis

58 1262 195 1342 Tydiden.
214 1263 353 1343 equidem,
372 1261 466 1332 credo,
485 1281 548 1321 mea
559 1262 673 1323 vulnera
684 1267 790 1337 restant,

59 1361 99 1420 Et
111 1373 158 1420 tua
168 1362 310 1441 progenies
322 1360 450 1421 mortalia
461 1357 590 1419 demoror
600 1380 686 1420 arma.
834 1381 871 1442 30

59 1460 91 1518 Si
98 1459 153 1519 fine
161 1480 227 1538 pace
237 1474 293 1528 tua,
311 1473 393 1538 atque
402 1458 490 1519 invito
499 1459 611 1519 numine
622 1461 714 1519 Tro'e'r

56 1555 523 1636 Italiampetiere31uantpeccata,
553 1576 641 1634 neque
652 1556 715 1616 illue
818 1604 823 1614 ,

56 1654 163 1732 ]ιινειίι
172 1651 284 1712 auxilio.
305 1652 345 1710 sm
357 1666 399 1711 tot
407 1650 531 1728 responsa
542 1650 635 1720 secuti,

55 1752 128 1827 Qae
135 1750 230 1828 Superi
240 1749 390 1827 Manesque
399 1746 500 1808 dabant
510 1773 519 1816 ;
528 1768 576 1808 cur
585 1765 658 1811 nunc
666 1763 713 1809 tun
724 1747 866 1829 quisquam

53 1842 175 1901 Fleitere
183 1842 253 1920 jussa
265 1843 369 1922 potest?
388 1855 496 1901 auteur
510 1862 583 1902 nova
595 1841 713 1903 condere
723 1841 800 1903 fatu?
829 1863 864 1924 35

53 1935 132 2014 Qid
143 1951 263 2016 repetam
276 1937 379 1999 exustus
397 1938 517 2016 Erycino
530 1940 559 1996 in
567 1939 648 1998 litore
659 1922 766 2002 cluse?

54 2028 132 2107 Qid
144 2030 330 2108 tempestatum
341 2050 434 2110 regem
455 2029 603 2109 ventosque
611 2030 730 2094 furenter

55 2128 152 2189 AEoliu
162 2130 264 2188 excitos
275 2134 286 2190 ἲ
305 2144 353 2190 aut
364 2132 451 2191 auam
463 2129 581 2195 nubibus
592 2131 680 2190 Irim?

56 2224 240 2284 Nuneetinm
254 2226 362 2294 Manes,
381 2224 712 2285 hmcintentatamanebut
760 2234 763 2244 “

55 2325 233 2392 Sonrerum,
251 2337 356 2393 movet,
382 2321 517 2401 &superis
528 2321 644 2381 immissa
654 2335 765 2403 repente
823 2342 865 2402 40

42 2417 163 2488 ‘Alestm
181 2418 283 2479 median
294 2421 396 2481 Italum
407 2418 538 2480 bacchatu
548 2437 597 2497 per
608 2418 698 2480 urben.

52 2515 107 2575 Nil
118 2514 197 2595 super
209 2518 325 2597 imperio
332 2536 463 2577 moveor:
481 2515 708 2596 speravimusisiu,

50 2616 131 2676 Dum
138 2615 248 2676 fortuna
259 2617 329 2676 fnit:
349 2617 470 2685 vincant,
488 2634 557 2695 quus
570 2616 679 2676 vincere
687 2610 783 2677 mavis.

51 2713 83 2773 si
95 2713 171 2773 nulla
181 2715 218 2774 est
230 2716 317 2795 regio,
336 2715 452 2774 Teucris
464 2733 546 2792 quam
555 2711 602 2771 det
613 2727 661 2772 tua
672 2714 774 2790 conjux

50 2810 149 2879 Dura3
168 2832 217 2891 per
227 2812 335 2880 eversae,
354 2811 472 2892 genitor,
491 2809 625 2870 fumantia
636 2809 732 2886 Trojae
823 2827 859 2887 45

50 2903 168 2966 Excidia
180 2906 298 2968 obtestor
309 2931 319 2976 ς
335 2905 416 2966 liceat
426 2904 563 2984 dimittere
573 2903 699 2964 ubarmis

49 3001 225 3063 incolumem
238 3001 398 3074 Ascanium,
425 3001 507 3063 liceat
516 2999 645 3080 superesse
654 3012 794 3087 nepotem.

73 3094 161 3158 Tou.
174 3094 214 3156 11.
440 3110 443 3116 ·
483 3091 522 3152 M
753 3090 856 3154 AEneas
