2048 3488
163 130 239 208 244
309 89 836 196 P.V1noin11Mnnont1s
933 101 940 121 ’

163 247 318 311 Condicio?
338 252 439 330 possem
453 255 627 315 tantosfinire
636 254 744 317 dolores
922 265 980 325 880

164 347 251 406 Nunc
260 361 343 416 certe,
363 353 389 406 δι
398 347 496 422 misero
509 348 585 409 sratri
595 369 687 410 comes
698 334 738 412 ire
747 373 796 432 per
808 352 926 414 umbrae.

165 444 333 504 Immortalis
344 464 397 524 ego
407 449 419 505 i
438 446 647 531 autquicqnam
659 447 727 506 mihi
736 440 817 508 dnlce
825 468 951 511 meorum

165 545 212 605 Te
223 545 288 615 sine,
300 544 392 615 frater,
402 544 474 605 erit?
494 564 513 604 o
526 566 587 623 quae
598 544 722 606 satisima
732 545 852 609 dehiscat

166 644 258 704 'rena
265 643 344 714 mihi,
363 640 508 721 manesque
519 641 598 701 deam
610 642 736 704 demittat
747 643 881 707 adimost

167 737 294 797 Tantum
310 735 402 806 effata,
423 748 505 814 capnt
518 736 617 814 glauco
629 737 751 796 contexit
761 739 873 808 anion,
922 742 977 820 885

167 830 262 893 Multa
269 850 391 910 gemens,
409 837 435 890 δι
447 829 472 888 se
484 829 571 888 fluvio
581 828 631 888 dea
642 827 765 907 condidit
777 829 843 892 alto.

78 994 84 1007 ,
207 934 310 993 AEneas
321 932 515 998 instatconna,
534 928 673 1008 telumque
686 928 808 991 coruscat

168 1035 281 1113 Ingens,
301 1029 456 1099 arboreum,
475 1033 501 1086 8ι
514 1026 584 1086 saevo
591 1028 627 1086 fic
638 1029 747 1106 pedore
756 1027 844 1087 sature

170 1134 243 1212 Qnae
255 1126 434 1190 nuncdeinde
452 1143 531 1185 mora
546 1125 603 1187 cst?
635 1141 683 1185 aut
696 1125 763 1205 quid
779 1126 848 1204 jann,
874 1125 982 1190 Turno

142 1260 145 1268 ·
251 1221 400 1280 condas?
801 1292 803 1296 Ι

171 1317 335 1404 Nona-unsa,
348 1315 424 1376 saevis
437 1312 593 1375 certandum
605 1314 642 1373 est
654 1314 778 1374 cominus
790 1315 882 1375 armis.
924 1316 980 1394 890

59 1417 61 1420 ’
170 1412 257 1479 Verte
268 1435 363 1476 omnes
375 1428 429 1475 tete
441 1415 471 1473 in
480 1413 562 1472 facies
570 1438 579 1481 ;
596 1419 622 1473 8ι
632 1414 771 1481 contrahe,
790 1413 933 1493 quicquid,

172 1513 237 1581 Sive
248 1508 356 1579 animis,
376 1508 430 1591 five
437 1521 504 1575 arte,
523 1505 610 1565 vales:
630 1505 785 1583 optaardua
796 1506 893 1585 pennis
924 1549 927 1555 .

169 1607 253 1679 Astra
262 1602 347 1684 sequi,
366 1600 541 1679 clausumque
553 1618 620 1686 cava
636 1612 664 1656 te
676 1596 793 1659 condere
803 1614 883 1658 terra.

172 1700 238 1769 111e;
253 1710 336 1776 capnt
348 1693 487 1774 quassans:
506 1686 563 1751 non
575 1709 620 1749 me
629 1703 676 1783 tna
688 1689 794 1750 fervida
805 1687 906 1750 terrent

172 1794 267 1863 Dida,
284 1792 371 1851 serox.
390 1788 419 1847 di
431 1807 477 1846 me
489 1799 600 1853 terrent,
618 1784 762 1863 &Jupiter
773 1785 863 1847 hostis.
925 1787 979 1867 895

172 1887 237 1947 Nec
247 1869 440 1965 plnaeffatus,
458 1878 552 1937 saxum
563 1876 743 1954 circumspicit
750 1877 846 1956 ingens
855 1902 865 1947 ς

56 1997 58 2001 ,
172 1986 275 2046 Sam
286 1979 440 2058 antiquum,
458 1977 565 2055 ingens,
575 1992 673 2055 campo
680 1973 756 2053 quod
768 1974 962 2055 fontejacebat,

172 2084 267 2146 Limes
277 2098 344 2159 agro
356 2077 466 2157 positus,
484 2074 561 2135 litem
574 2088 605 2134 ut
617 2072 775 2135 discerneret
784 2076 864 2138 arvis.

170 2179 231 2242 Vix
241 2177 309 2237 illud
318 2175 381 2235 ledii
394 2174 435 2233 bis
446 2172 491 2233 sex
499 2173 604 2232 cervice
615 2170 743 2241 subirent,

173 2273 276 2354 Qalia
286 2291 360 2332 nunc
370 2270 517 2331 hominum
528 2267 655 2348 producit
665 2287 782 2349 corpora
793 2264 882 2331 tellus}
921 2289 982 2353 900

170 2370 223 2433 Ille
235 2387 318 2428 manu
328 2380 436 2447 raptum
444 2365 548 2445 trepida
559 2365 703 2444 torquebat
712 2365 742 2424 in
754 2366 867 2435 hostem,
944 2436 948 2443 ¹

172 2468 266 2528 Altior
273 2464 411 2554 insorg'ens
422 2472 448 2525 &
458 2465 535 2524 cursu
548 2463 681 2536 concitus,
701 2465 790 2526 heros.

172 2559 227 2620 sed
239 2579 327 2638 neque
334 2571 487 2618 currentem
500 2556 535 2627 se,
554 2577 604 2616 nec
614 2556 753 2637 cognoscit
764 2572 885 2630 euntem,

45 2675 47 2678 ·
171 2646 367 2717 Tollentennve
379 2660 472 2722 manu,
491 2653 638 2732 saxumque
650 2653 770 2713 immane
783 2669 951 2717 moventem.
1009 2726 1013 2734 .

173 2757 276 2817 Genua
283 2752 389 2812 labant:
409 2750 515 2840 gelidus
526 2751 664 2811 concrevit
676 2748 779 2832 frigore
789 2750 905 2832 sanguis.
925 2775 984 2838 905

171 2853 251 2914 Tum
259 2852 328 2932 lapis
340 2850 395 2932 ipse
403 2853 466 2924 viri,
484 2871 603 2912 vacuum
614 2852 755 2930 perinane
767 2851 886 2925 volutus,
973 2923 975 2926 y

171 2952 235 3013 Nec
247 2951 364 3033 spatium
371 2951 464 3024 evasit,
480 2965 569 3016 totum
580 2970 629 3012 nec
642 2949 753 3032 pettulit
764 2950 858 3012 istum.

943 3048 988 3115 Ac
