2048 3488
46 3014 126 3264 ff.

162 143 233 234 224
291 136 843 220 P.VrncrnrrMan0uia'

161 271 208 330 Sic
219 268 310 351 rigido
318 268 387 329 latus
398 269 460 330 ense
470 269 543 330 ferit.
582 270 733 333 Podalirius
746 272 845 334 Alsum
958 276 975 303 '⁸

161 369 310 440 Pastorem,
327 368 470 449 primaque
482 369 661 448 aciepcrtela
672 384 808 440 ruentem,
920 388 974 454 305

162 461 234 522 Ense
242 461 354 541 sequens
363 458 447 528 nudo,
469 459 692 540 superimminet:
709 462 757 521 iile
768 462 854 522 securi
963 476 966 483 “

163 555 279 618 Adversi
291 555 411 615 frontem
419 554 538 614 mediam
552 572 731 636 mentumque
740 559 851 619 redu&
970 567 975 573 '

165 651 295 720 Discidit,
313 648 438 729 &sparso
446 651 500 710 late
507 651 578 730 rigat
589 671 664 710 arma
675 672 780 714 cruore.

164 748 226 809 Olli
232 749 298 811 dura
310 748 387 827 quies
398 747 492 808 oculos
511 754 537 808 δι
549 747 650 808 ferreus
659 766 737 829 urget

163 843 281 905 Somnus
294 868 303 910 ;
320 844 350 901 in
362 856 489 902 aetemam
497 840 658 902 clauduntur
670 843 774 904 lumina
787 847 906 906 nodicm.
922 863 976 925 310

202 940 243 998 At
254 937 314 1016 pius
327 937 428 997 AEueas
437 935 559 996 dextram
573 934 702 996 tendebat
713 938 846 999 inermem
971 990 975 996 .

163 1031 280 1095 Nudato
292 1032 390 1110 capite,
408 1045 490 1110 atque
502 1030 563 1090 suos
575 1031 695 1090 clamore
707 1033 832 1094 vocabat.
918 1046 922 1053 '

165 1132 233 1210 Qu
244 1130 344 1190 ruitis?
363 1148 459 1206 quave
471 1128 520 1187 ista
530 1148 626 1206 repens
638 1127 772 1189 discordia
783 1130 890 1213 surgit?

165 1231 205 1299 Ο,
224 1227 349 1289 cohibete
362 1226 432 1284 iras:
453 1223 713 1303 ittumjamsoedus‚
734 1234 759 1286 δι
773 1247 870 1291 omues

165 1328 333 1408 Composita
341 1325 433 1405 leges:
452 1324 520 1383 mihi
531 1324 575 1401 jus
587 1344 747 1386 concurrere
759 1326 829 1397 soli;
920 1351 952 1410 3¹
958 1350 975 1411 ς

165 1425 219 1484 Me
228 1423 314 1492 sinite,
333 1435 415 1500 atque
427 1418 531 1478 auferte
539 1433 635 1479 metus.
654 1439 708 1500 ego
719 1419 821 1482 soedeta
831 1421 896 1484 saxo

165 1520 261 1580 Firma
272 1540 373 1580 manu:
394 1519 522 1577 Turnum
532 1518 591 1594 jam
601 1515 704 1576 debent
716 1518 774 1578 haec
786 1520 856 1580 mihi
865 1521 947 1599 sacri.

164 1617 227 1678 Has
239 1617 310 1677 inter
320 1634 412 1682 voces,
430 1612 521 1673 media
533 1613 603 1672 inter
614 1611 679 1672 talia
691 1613 782 1684 verba,
879 1623 905 1703 ft

165 1720 250 1792 Ecce,
263 1719 325 1779 viro
334 1715 448 1777 stridens
459 1715 509 1774 alis
521 1713 621 1793 allapsa
631 1714 727 1796 sagitta
738 1716 784 1788 est,
840 1740 872 1789 uf·

165 1817 306 1878 Incertum
319 1811 455 1893 quapulsa
465 1831 559 1882 manu,
579 1828 636 1890 quo
646 1811 754 1872 turbine
766 1810 878 1899 adustae
919 1832 975 1899 320

166 1913 238 1992 Qie
250 1925 353 1972 tantam
366 1909 475 1971 Rutulis
487 1908 604 1977 laudem,
623 1907 739 1979 casusne,
758 1899 868 1984 deusne,
987 1907 993 1924 ⁶

164 2007 307 2069 Attukrit.
326 1998 780 2085 presiaestinfignisgloriasadiia
822 2022 824 2027 ’

165 2101 231 2162 Nec
238 2097 290 2159 sese
302 2095 515 2175 AEneaejadiavit
526 2095 638 2155 volnere
649 2096 823 2187 quisquam5'.

205 2199 329 2265 Turnus,
339 2208 370 2255 ut
382 2195 489 2255 AEnean
501 2193 641 2254 cedentem
653 2213 688 2254 cx
699 2195 899 2274 agminuyidit,

168 2294 362 2374 Turbatosquc
373 2293 465 2364 duces,
484 2292 571 2353 subita
583 2292 628 2372 spe
639 2292 759 2353 fervidus
770 2292 860 2357 ardet:
922 2308 977 2380 3²3

164 2392 257 2456 Poscit
264 2411 348 2471 equos
366 2403 448 2469 atque
459 2390 639 2456 armannum
658 2389 780 2468 saltuque
788 2391 918 2471 superbus

163 2491 274 2552 Emicat
283 2488 313 2547 iu
325 2506 446 2555 currum,
465 2492 490 2544 dc
499 2486 623 2545 manibus
633 2485 745 2544 molitur
757 2485 883 2549 habenas.

164 2585 259 2648 Multa
269 2584 360 2644 virum
371 2581 487 2642 volitans
496 2579 631 2641 datsonia
642 2599 757 2658 corpora
767 2580 843 2641 letho
855 2604 865 2642 ι

164 2681 318 2743 Semineces
329 2676 418 2737 volvit
429 2675 540 2745 multos,
557 2690 605 2734 aut
614 2675 727 2754 agmina
737 2695 819 2736 curru

165 2778 292 2848 Proterit,
309 2790 357 2836 aut
368 2787 456 2855 raptas
465 2773 631 2854 fugientibus
640 2773 840 2854 ingerithaiius.
921 2797 977 2857 330

165 2873 265 2954 Qaliu
276 2871 348 2952 apud
361 2870 444 2952 gelidi
456 2891 520 2931 cum
533 2872 647 2939 flumina
659 2873 782 2934 concitus
789 2874 880 2935 Hebri

161 2968 334 3052 Sanguinem
344 2968 460 3030 Mavors
472 2966 571 3053 clypeo
582 2969 714 3051 increpat,
730 2969 945 3054 atquesurcntes

895 3066 974 3130 netu
