2048 3488
202 189 479 271 *AEunr‘nos
503 190 608 267 Lus.
631 190 698 269 x1.
809 212 881 296 195

58 337 108 398 sin
119 343 145 398 δι
156 336 286 416 Troianis
298 354 362 395 cunr
374 333 468 394 multo'
475 330 564 412 gloria
580 331 656 391 venit

58 433 207 515 Sanguine,
226 431 349 493 suntillis
362 428 408 488 sua
420 428 528 496 funera,
549 446 653 506 parque
671 445 826 507 peromnes

57 533 216 611 Tempestas
227 556 237 600 3
256 551 304 590 cur
316 529 455 588 indecores
467 527 497 585 in
508 526 604 585 limine
612 527 704 606 primo
925 524 927 531 ’

57 625 231 686 Delicinrns?
251 644 300 684 cur
311 619 481 683 antetubam
496 634 600 680 tremor
610 636 728 702 occupat
739 625 832 683 artus?

56 719 151 779 Multa
159 718 217 777 dies
226 713 452 796 variusquelabor
464 713 665 774 mutabilitati
812 735 869 797 4²5

57 815 176 875 Rettulit
185 815 215 874 in
227 812 324 872 melius
334 836 343 879 ς
363 809 462 870 multos
474 809 578 869 alterna
586 803 703 870 revisuri

57 915 144 982 Lair,
163 919 189 973 ει
200 913 231 971 in
243 910 331 970 solido
342 908 431 968 rursus
442 907 552 967 fortuna
563 907 674 969 locavit.

36 1036 38 1040 ⁴
56 1011 127 1070 Non
138 1011 190 1071 erit
203 1009 306 1071 auxilio
318 1007 528 1076 uobisAEtolus,
546 1007 662 1088 &Arpi
797 992 800 997 ⁸

57 1106 98 1166 At
111 1106 246 1184 Messapus
255 1104 316 1172 erit,
334 1103 455 1180 felixque
465 1102 642 1177 Tolumnius,
659 1106 697 1176 u,
713 1123 784 1184 quos
810 1131 813 1135 ’

56 1203 118 1262 Tot
130 1202 226 1282 populi
238 1200 343 1270 misere,
362 1198 453 1258 duces.
474 1218 525 1258 nec
537 1218 622 1278 parva
636 1198 761 1280 sequetur
809 1216 870 1282 430·

57 1297 158 1358 Gloria
168 1297 285 1357 deletion
293 1295 373 1355 Latio
386 1300 411 1352 δε
423 1292 603 1352 Laurentibus
613 1295 696 1373 agris.

57 1396 104 1455 Est
116 1402 140 1456 δι
152 1395 314 1459 Volscorurn
326 1391 435 1471 egregia
441 1391 477 1448 de
485 1407 566 1468 gente
575 1392 703 1462 Camilla,

58 1493 169 1570 Agmen
181 1508 263 1567 agens
275 1487 409 1566 equiturn,
429 1489 454 1541 δι
467 1483 592 1542 florentes
603 1503 656 1544 aere
667 1499 798 1548 catervas.

58 1585 144 1662 Qud
156 1585 229 1644 sume
240 1582 327 1643 solum
336 1580 440 1641 Teucri
451 1581 481 1639 in
493 1580 641 1640 certamina
648 1581 773 1661 poscunt,

57 1682 148 1761 quue
168 1681 268 1760 placet,
286 1692 448 1757 tantumque
467 1676 547 1737 bonis
565 1678 756 1740 communibus
772 1679 873 1743 obstot

58 1779 127 1837 Non
139 1777 207 1837 adeo
220 1777 268 1838 has
276 1774 357 1836 exosa
365 1792 463 1834 manus
474 1773 589 1834 vitioria
600 1773 683 1855 fugit,
808 1779 869 1858 436

57 1875 101 1935 Ut
113 1887 188 1932 tanta
198 1873 346 1953 quicquam
358 1869 464 1952 prospe
474 1870 712 1932 tentarerecusem.

56 1972 110 2034 Ibo
119 1973 335 2033 animiscontra:
354 1970 654 2050 reimagnunupraestet
662 1969 811 2041 Achillem,

57 2070 194 2146 Fatiaque
202 2067 320 2127 Volcani
331 2067 456 2127 manibus
465 2067 542 2144 paria
551 2065 647 2126 induat
657 2086 743 2138 arma,

56 2162 192 2223 illelicet.
214 2160 423 2220 vobisanirnam
431 2160 771 2240 hancsoceroqueLatino
807 2181 867 2241 440

57 2254 171 2312 Turnus
180 2270 243 2332 ego,
263 2248 336 2329 haud
346 2251 396 2309 ulli
405 2265 526 2310 veterum
538 2250 790 2328 virtutemnon,

58 2351 202 2412 Devoveo.
222 2347 310 2409 solum
319 2349 534 2414 AEneasvocatr
554 2354 678 2418 irroret,
697 2367 758 2412 oro.

57 2443 121 2503 Nec
130 2445 252 2503 Drances
264 2441 366 2522 potius,
385 2441 439 2501 slve
450 2443 555 2501 esthaec
566 2443 607 2501 ira
617 2441 743 2514 deorum,

13 2593 16 2599 .
58 2540 153 2599 Morte
164 2537 244 2604 luat3
264 2536 318 2595 live
329 2535 366 2595 est
377 2537 496 2595 virtus&
508 2536 606 2615 gloria,
624 2535 714 2597 tollat.

98 2631 145 2690 Illi
156 2631 215 2689 haec
228 2629 299 2688 inter
311 2629 338 2688 se
350 2629 440 2687 dubiis
451 2628 487 2687 de
499 2629 578 2688 rebus
587 2629 705 2709 agebant
811 2651 849 2710 44
852 2650 867 2711 ς

58 2728 201 2787 Certautes
214 2751 223 2794 3
238 2727 321 2786 castra
329 2728 430 2786 AEneas
441 2727 584 2806 aciemque
593 2710 732 2788 movebat.

59 2823 181 2884 Nuntius
190 2819 296 2904 ingenti
308 2843 357 2902 per
369 2826 443 2903 regin
451 2827 521 2883 tetis
532 2825 651 2884 tumultu

58 2922 142 2988 Ecce,
160 2920 226 2988 ruit,
245 2919 403 2999 magnisque
423 2920 519 2979 urbem
527 2921 674 2981 terroribus
685 2920 803 3000 implet:

58 3018 203 3082 Instruilos
214 3020 273 3082 asie
283 3018 428 3099 Tyberino
440 3039 458 3079 a
469 3019 581 3081 flumine
592 3021 726 3097 Teucros,

760 3112 910 3186 'innuat
