2048 3488
120 144 171 239 '72
248 118 814 219 ¹Psi'rnorcrrMauortia
867 196 873 203 ,

116 274 239 351 Europa
247 285 330 352 atque
340 271 411 332 Asrae
420 271 482 331 fatis
494 270 661 331 concurrerit
673 271 766 342 orbis3

120 368 229 438 Audiit,
248 375 274 428 &
287 369 402 447 siquem
414 367 493 427 tellus
504 380 626 426 extrema
637 367 727 428 refuso
876 375 933 444 τις

121 466 283 524 summovet
295 448 409 548 oceano,
428 467 454 521 δι
467 462 487 521 fi
499 481 582 540 quem
592 474 701 521 extenta
712 461 858 542 plagarum

121 563 248 638 Qtatuor
258 561 289 620 in
302 559 394 620 medio
405 559 510 618 dirimit
517 558 599 639 plaga
610 558 671 619 solis
682 560 781 639 iniqui.

121 653 237 715 Diluvio
248 673 283 712 ex
294 653 344 711 illo
356 667 398 713 tot
413 652 485 712 vasta
497 672 546 731 per
557 669 668 731 aequora
678 650 759 721 vetii,

112 750 276 813 Uiasedem
287 752 415 832 exiguam
429 751 523 830 patriis
532 749 648 830 litusque
658 770 787 831 rogamus

122 852 289 918 Innocuam,
307 851 333 904 &
344 848 447 907 cuncus
459 845 615 926 undamque
626 866 776 927 auramque
784 853 935 926 patentem·

121 946 191 1006 Non
203 947 304 1005 erimus
312 963 398 1025 regno
410 945 549 1005 indecores
559 971 568 1013 ;
588 965 638 1005 nec
650 946 736 1005 vestra
746 945 848 1005 feretur
878 954 933 1016 231

122 1046 207 1104 Fama
218 1043 296 1112 levis,
315 1045 437 1122 tantique
449 1043 583 1105 abolescet
594 1046 681 1125 gratia
689 1043 769 1104 facti:

122 1138 186 1198 Nec
197 1137 315 1215 Trojam
328 1137 462 1199 Ausonios
474 1139 580 1219 gremio
589 1139 719 1218 excepiffe
730 1133 846 1217 pigebit.

121 1240 145 1298 F
146 1253 192 1298 ata
203 1259 252 1318 per
264 1241 360 1298 AEneae
369 1240 444 1317 juro,
465 1240 643 1318 dextramque
656 1253 804 1318 potentem,

118 1335 188 1393 ›Sive
197 1335 260 1404 fide,
279 1334 324 1394 seu
334 1336 394 1413 quis
406 1335 480 1394 bello
489 1335 525 1392 est
537 1340 699 1413 expertus&
710 1332 810 1400 annisa
875 1343 931 1406 ης

124 1427 210 1486 Multi
220 1447 268 1488 nos
280 1429 386 1508 populi,
405 1429 508 1496 multae,
527 1447 561 1488 ne
572 1441 673 1497 temne,
692 1424 849 1506 quodultro

122 1527 294 1590 Praeferimus
303 1531 428 1590 manibus
436 1531 517 1590 vittas
528 1548 561 1589 ac
571 1531 654 1589 verba
665 1542 835 1608 precantum,

124 1624 161 1685 Et
179 1628 282 1704 petiere
290 1627 338 1686 fibi
351 1633 376 1685 δι
388 1629 498 1687 voluere
507 1627 653 1708 adjungere
665 1639 767 1706 gentes.

111 1719 176 1778 ‘Sed
187 1740 236 1779 nos
245 1719 301 1780 fata
311 1720 393 1779 deum
405 1722 502 1780 vestras
511 1723 652 1800 exquirere
658 1735 740 1781 terras

122 1811 249 1890 Imperiis
262 1810 342 1891 egere
353 1812 414 1871 suis.
434 1815 499 1872 hinc
510 1813 655 1873 Dardanus
665 1826 750 1881 ortua,
877 1824 933 1886 240

123 1906 189 1965 Huc
201 1908 311 1984 repetit:
328 1909 453 1989 justisque
464 1909 621 1990 ingentibus
630 1921 709 1988 urget
720 1905 826 1986 Apollo

122 2005 301 2081 Tyrrhenum
313 2008 348 2066 ad
360 2008 490 2087 Tybrim,
511 2016 537 2068 δι
545 2008 630 2068 fontis
643 2006 713 2067 vada
724 2005 799 2065 sacra
807 2000 931 2064 Numici.

123 2099 181 2159 Dat
194 2100 243 2158 tibi
255 2118 385 2180 praeterea
397 2105 514 2164 fortunae
526 2124 609 2183 parva
622 2104 720 2182 prioris

113 2201 251 2270 Munera,
261 2202 494 2283 relliquiasTroja
504 2224 538 2263 err
547 2202 657 2262 ardente
669 2214 797 2281 receptae.
900 2234 904 2241 ‚

122 2291 189 2350 Hoc
202 2306 278 2370 pater
290 2294 419 2355 Anchises
432 2315 499 2355 auro
510 2294 614 2354 libabat
626 2292 661 2352 ad
672 2312 749 2351 aras:
878 2306 933 2371 245

120 2389 438 2471 Hoci’riarnigestunten
449 2408 515 2462 erat,
534 2391 777 2469 cumjuravocatir

120 2485 204 2545 More
213 2482 289 2543 daret
302 2487 420 2563 populis,
439 2488 637 2567 sceptrumque,
658 2486 784 2565 sacerque
793 2484 885 2555 tiaras,

118 2577 293 2658 Ibadumque
308 2579 387 2639 labor
404 2583 496 2643 vestes.
850 2580 853 2585 ’

106 2679 236 2747 ,Talibus
253 2680 354 2739 llionei
362 2680 440 2741 dictis
449 2683 538 2743 defixa
553 2685 668 2742 Latinus

119 2774 227 2833 Obtutu
241 2790 315 2836 tenet
328 2795 385 2845 ora,
405 2777 516 2857 soloque
529 2778 680 2837 immobilis
694 2778 777 2838 haerct
877 2794 932 2856 250

119 2872 242 2930 Intentos
261 2873 374 2933 volvens
387 2875 497 2934 oculos:
518 2894 568 2933 nec
578 2895 699 2953 purpura
710 2894 804 2954 regern

120 2963 306 3036 Pittamovct
325 2986 375 3029 nee
385 2965 489 3047 sceptra
506 2979 619 3028 movent
630 2965 766 3026 Priameia
777 2977 901 3037 tantum,

787 3056 930 3135 Qanturn
