2048 3488
189 195 236 295 58
322 190 365 267 P.
396 186 621 266 Vrucrurr
646 188 873 271 Mssoss's

188 330 327 394 lusesium
338 330 439 391 eluitur
449 329 547 401 steros,
564 342 614 391 aut
624 328 748 392 exuritur
759 331 844 414 iguis

190 431 291 493 Donec
303 429 387 513 longa
398 428 465 501 dies,
476 429 599 511 possesio
609 430 742 510 temporis
753 430 831 502 orbe,
947 438 1008 527 74'3

190 529 356 591 concretam
369 527 582 599 exenitlsben,
601 546 758 609 purumque
766 529 879 611 reliquit
991 584 994 594 .

190 623 476 695 AEthereunssensunr,
493 637 578 704 atque
586 621 664 683 aurai
673 622 802 703 simplicis
813 625 918 706 ignem.

191 722 314 803 Quisque
322 722 383 783 suos
392 721 629 802 petimurmanes:
648 719 749 780 eunde
757 725 939 804 peramplum

191 806 335 883 Mitrimur
354 820 488 901 Esyfium,
506 824 533 877 δι
545 817 626 897 pauci
637 817 700 879 laeta
714 837 781 879 arva
792 834 925 885 tenemus.

193 919 255 986 Has
264 936 369 988 omnes,
387 916 436 977 ubi
447 915 524 976 mille
534 928 623 977 rotam
634 916 746 977 rosvere
758 936 916 1003 perennes,

192 1016 337 1077 Lethaeum
346 1013 381 1076 ad
394 1013 509 1075 fluvium
521 1012 586 1073 deus
597 1006 695 1074 evocat
709 1014 820 1093 agmine
830 1034 949 1097 magno:

194 1114 303 1174 Scilicet
312 1113 486 1173 immemores
495 1110 590 1191 supera
601 1125 632 1170 ut
640 1126 765 1172 convexa
778 1113 903 1187 revisant,
948 1132 1010 1199 730

194 1206 480 1289 Rursusizincipiant
490 1208 520 1267 in
531 1226 649 1288 corpora
659 1206 732 1271 velle
743 1208 851 1272 reverti
884 1294 887 1299 Δ

195 1308 313 1370 Dixerat
324 1305 473 1369 Anchises:
492 1316 653 1384 natumque,
671 1321 781 1385 unaque
793 1298 938 1389 sibyllsn',

193 1406 354 1467 Conventus
362 1403 446 1464 trahit
455 1401 485 1463 in
492 1401 597 1462 medios
606 1398 769 1481 turbamque
776 1399 934 1471 sonantem:

194 1505 233 1562 Et
244 1500 381 1562 tumulum
390 1500 475 1581 capit,
494 1498 669 1560 undeorunes
678 1497 765 1579 longo
772 1498 868 1560 ordine
879 1499 959 1580 poffit

195 1596 332 1659 Adversus
339 1598 440 1679 legere,
460 1602 486 1656 dr
497 1596 657 1656 venientum
666 1593 770 1657 discere
781 1596 884 1657 vultus.
951 1614 1010 1679 755

233 1690 320 1751 Nunc
329 1704 390 1772 age,
398 1689 567 1753 Dardaniam
575 1690 692 1770 prolem,
703 1708 766 1768 quae
775 1687 874 1751 deinde
882 1688 1012 1775 sequntur

195 1785 306 1858 Gloria,
325 1787 375 1866 qui
388 1799 514 1847 maneant
526 1785 596 1846 rura
605 1784 641 1846 dc
655 1800 736 1866 gente
748 1800 872 1867 nepotes,

195 1881 314 1943 Illustres
324 1881 439 1951 animas,
457 1882 634 1961 nostrumque
645 1883 676 1941 in
688 1900 791 1945 nouren
798 1883 899 1956 ituras,-

195 1978 349 2062 Expediarn
359 1979 448 2051 nicus,
466 1986 493 2040 δι
506 1994 534 2041 te
547 1981 661 2043 russata
668 1980 788 2043 docebo.

194 2075 257 2147 Ille,
276 2076 373 2137 vides?
391 2092 461 2157 pura
469 2077 578 2159 juveris
591 2077 640 2159 qui
653 2078 749 2139 nititur
760 2075 844 2148 haria,
954 2076 1014 2161 γὼ

195 2173 403 2235 snnmasons
413 2186 488 2234 tenet
495 2175 563 2235 lucis
574 2173 654 2244 loca3
674 2172 913 2255 pnnusadsuns

196 2274 348 2345 AEthereas,
360 2273 431 2334 Italo
442 2275 607 2335 commixtus
616 2273 756 2360 sanguine,
767 2272 857 2353 surget

197 2367 316 2443 Sylvius,
336 2367 597 2437 Albanumnomen,
616 2382 664 2427 tua
672 2368 796 2446 postuma
807 2364 915 2445 proles:

197 2463 290 2535 Quem
299 2463 351 2521 tibi
361 2463 489 2544 longaevo
501 2463 590 2523 serum
598 2463 715 2525 scrinia
723 2462 825 2540 conjux

196 2556 303 2621 Educet
313 2556 395 2635 sylvis
407 2578 510 2638 regem,
535 2579 687 2639 regumque
698 2574 863 2639 parentem:
955 2558 1013 2643 765

196 2649 282 2710 Unde
289 2666 375 2732 genus
387 2652 487 2730 Longu
498 2653 619 2712 nostrum
628 2651 820 2713 dominabitur
830 2650 914 2713 Alba.

196 2747 339 2807 Proximus
351 2747 399 2809 ille
417 2749 526 2818 Procas,
545 2750 677 2828 Trojanae
689 2749 778 2830 gloria
792 2748 892 2830 gentis,

195 2843 234 2906 Et
246 2845 347 2924 Capys,
366 2852 392 2906 δι
404 2847 548 2918 Numitor,
567 2848 664 2928 ει,ηυὶ
673 2862 700 2908 oe
711 2848 823 2908 nomine
834 2843 942 2915 reddet,

196 2943 305 3022 Sylvius
318 2947 430 3018 AEneas,
456 2948 559 3029 puriter
568 2949 669 3030 pietate
681 2947 818 3008 veternis

195 3036 341 3127 Egregius,
352 3046 374 3108 fi
386 3056 509 3130 unquam
515 3046 685 3131 reguaan
694 3045 949 3128 acceperit-Album.
957 3064 1017 3124 770

401 3159 404 3164 .
953 3134 1015 3225 <si
