<?xml version="1.0" encoding="UTF-8"?>
<!DOCTYPE html PUBLIC "-//W3C//DTD XHTML 1.0 Transitional//EN"
    "http://www.w3.org/TR/xhtml1/DTD/xhtml1-transitional.dtd">
<html xmlns="http://www.w3.org/1999/xhtml" xml:lang="en" lang="en">
 <head>
  <title>
</title>
<meta http-equiv="Content-Type" content="text/html;charset=utf-8" />
  <meta name='ocr-system' content='tesseract 3.04.00' />
  <meta name='ocr-capabilities' content='ocr_page ocr_carea ocr_par ocr_line ocrx_word'/>
</head>
<body>
  <div class='ocr_page' id='page_1' title='image "./publiivirgiliim04virggoog/publiivirgiliim04virggoog_0026.png"; bbox 0 0 2048 3488; ppageno 0'>
   <div class='ocr_carea' id='block_1_1' title="bbox 84 195 967 1777">
    <p class='ocr_par' dir='ltr' id='par_1_1' title="bbox 84 195 967 1777">
     <span class='ocr_line' id='line_1_1' title="bbox 288 195 967 284; baseline 0.003 -2"><span class='ocrx_word' id='word_1_1' title='bbox 288 195 859 283; x_wconf 59' lang='lat' dir='ltr'>lunariosurmvc.</span> <span class='ocrx_word' id='word_1_2' title='bbox 900 224 967 284; x_wconf 87' lang='lat' dir='ltr'>rr·</span> 
     </span>
     <span class='ocr_line' id='line_1_2' title="bbox 126 345 945 430; baseline -0.002 -19"><span class='ocrx_word' id='word_1_3' title='bbox 126 345 196 411; x_wconf 78' lang='lat' dir='ltr'>&#39;rati</span> <span class='ocrx_word' id='word_1_4' title='bbox 209 348 415 430; x_wconf 78' lang='lat' dir='ltr'>remigionavis</span> <span class='ocrx_word' id='word_1_5' title='bbox 434 346 462 406; x_wconf 86' lang='lat' dir='ltr'>se</span> <span class='ocrx_word' id='word_1_6' title='bbox 480 345 558 407; x_wconf 86' lang='lat' dir='ltr'>tarda</span> <span class='ocrx_word' id='word_1_7' title='bbox 575 346 716 408; x_wconf 82' lang='lat' dir='ltr'>movebat.</span> <span class='ocrx_word' id='word_1_8' title='bbox 763 361 764 365; x_wconf 75' lang='grc'>’</span> <span class='ocrx_word' id='word_1_9' title='bbox 886 351 945 409; x_wconf 70' lang='lat' dir='ltr'>ato·</span> 
     </span>
     <span class='ocr_line' id='line_1_3' title="bbox 129 443 813 523; baseline -0.007 -15"><span class='ocrx_word' id='word_1_10' title='bbox 129 448 202 510; x_wconf 79' lang='lat' dir='ltr'>vela</span> <span class='ocrx_word' id='word_1_11' title='bbox 222 448 289 507; x_wconf 88' lang='lat' dir='ltr'>facit</span> <span class='ocrx_word' id='word_1_12' title='bbox 309 459 413 514; x_wconf 89' lang='lat' dir='ltr'>tamen,</span> <span class='ocrx_word' id='word_1_13' title='bbox 433 450 458 504; x_wconf 73' lang='grc' dir='ltr'>δι</span> <span class='ocrx_word' id='word_1_14' title='bbox 475 445 563 523; x_wconf 79' lang='lat' dir='ltr'>plenis</span> <span class='ocrx_word' id='word_1_15' title='bbox 574 444 646 503; x_wconf 86' lang='lat' dir='ltr'>subit</span> <span class='ocrx_word' id='word_1_16' title='bbox 657 445 723 504; x_wconf 85' lang='lat' dir='ltr'>ostia</span> <span class='ocrx_word' id='word_1_17' title='bbox 734 443 813 505; x_wconf 82' lang='lat' dir='ltr'>velis.</span> 
     </span>
     <span class='ocr_line' id='line_1_4' title="bbox 129 540 806 624; baseline -0.009 -20"><span class='ocrx_word' id='word_1_18' title='bbox 129 545 282 624; x_wconf 86' lang='lat' dir='ltr'>Sergestum</span> <span class='ocrx_word' id='word_1_19' title='bbox 302 543 403 602; x_wconf 78' lang='lat' dir='ltr'>AEneaa</span> <span class='ocrx_word' id='word_1_20' title='bbox 425 541 557 618; x_wconf 82' lang='lat' dir='ltr'>promisso</span> <span class='ocrx_word' id='word_1_21' title='bbox 578 559 691 599; x_wconf 90' lang='lat' dir='ltr'>munere</span> <span class='ocrx_word' id='word_1_22' title='bbox 711 540 806 610; x_wconf 87' lang='lat' dir='ltr'>donat,</span> 
     </span>
     <span class='ocr_line' id='line_1_5' title="bbox 130 637 839 719; baseline -0.001 -19"><span class='ocrx_word' id='word_1_23' title='bbox 130 645 271 702; x_wconf 82' lang='lat' dir='ltr'>Servatam</span> <span class='ocrx_word' id='word_1_24' title='bbox 292 640 331 701; x_wconf 91' lang='lat' dir='ltr'>ob</span> <span class='ocrx_word' id='word_1_25' title='bbox 349 659 449 699; x_wconf 86' lang='lat' dir='ltr'>navem</span> <span class='ocrx_word' id='word_1_26' title='bbox 462 639 538 698; x_wconf 77' lang='lat' dir='ltr'>letus</span> <span class='ocrx_word' id='word_1_27' title='bbox 550 637 691 719; x_wconf 90' lang='lat' dir='ltr'>sociosque</span> <span class='ocrx_word' id='word_1_28' title='bbox 703 639 839 699; x_wconf 74' lang='lat' dir='ltr'>reductos.</span> 
     </span>
     <span class='ocr_line' id='line_1_6' title="bbox 84 732 884 813; baseline -0.006 -15"><span class='ocrx_word' id='word_1_29' title='bbox 84 761 86 772; x_wconf 70' lang='lat'>¹</span> <span class='ocrx_word' id='word_1_30' title='bbox 128 739 188 798; x_wconf 91' lang='lat' dir='ltr'>Olli</span> <span class='ocrx_word' id='word_1_31' title='bbox 211 738 286 797; x_wconf 86' lang='lat' dir='ltr'>serva</span> <span class='ocrx_word' id='word_1_32' title='bbox 301 735 391 804; x_wconf 92' lang='lat' dir='ltr'>datur,</span> <span class='ocrx_word' id='word_1_33' title='bbox 411 753 527 813; x_wconf 88' lang='lat' dir='ltr'>operum</span> <span class='ocrx_word' id='word_1_34' title='bbox 546 732 618 794; x_wconf 77' lang='lat' dir='ltr'>haud</span> <span class='ocrx_word' id='word_1_35' title='bbox 631 734 727 812; x_wconf 80' lang='lat' dir='ltr'>ignaru</span> <span class='ocrx_word' id='word_1_36' title='bbox 737 736 884 805; x_wconf 71' lang='lat' dir='ltr'>Minerva,</span> 
     </span>
     <span class='ocr_line' id='line_1_7' title="bbox 128 830 942 916; baseline -0.005 -20"><span class='ocrx_word' id='word_1_37' title='bbox 128 837 221 896; x_wconf 79' lang='lat' dir='ltr'>Cressa</span> <span class='ocrx_word' id='word_1_38' title='bbox 233 853 331 916; x_wconf 77' lang='lat' dir='ltr'>genus,</span> <span class='ocrx_word' id='word_1_39' title='bbox 341 831 454 900; x_wconf 83' lang='lat' dir='ltr'><strong>Pholoe,</strong></span> <span class='ocrx_word' id='word_1_40' title='bbox 467 831 625 910; x_wconf 85' lang='lat' dir='ltr'>geminique</span> <span class='ocrx_word' id='word_1_41' title='bbox 637 830 686 889; x_wconf 92' lang='lat' dir='ltr'>sub</span> <span class='ocrx_word' id='word_1_42' title='bbox 698 831 781 903; x_wconf 81' lang='lat' dir='ltr'>ubere</span> <span class='ocrx_word' id='word_1_43' title='bbox 793 831 860 891; x_wconf 86' lang='lat' dir='ltr'>nati.</span> <span class='ocrx_word' id='word_1_44' title='bbox 885 835 942 914; x_wconf 76' lang='lat'>285</span> 
     </span>
     <span class='ocr_line' id='line_1_8' title="bbox 168 915 794 1011; baseline -0.006 -17"><span class='ocrx_word' id='word_1_45' title='bbox 168 936 235 994; x_wconf 89' lang='lat' dir='ltr'>Hoc</span> <span class='ocrx_word' id='word_1_46' title='bbox 258 933 319 1011; x_wconf 87' lang='lat' dir='ltr'>pius</span> <span class='ocrx_word' id='word_1_47' title='bbox 332 932 433 991; x_wconf 85' lang='lat' dir='ltr'>AEneas</span> <span class='ocrx_word' id='word_1_48' title='bbox 445 931 522 989; x_wconf 85' lang='lat' dir='ltr'>misso</span> <span class='ocrx_word' id='word_1_49' title='bbox 540 932 689 990; x_wconf 86' lang='lat' dir='ltr'>certamine</span> <span class='ocrx_word' id='word_1_50' title='bbox 704 915 794 991; x_wconf 88' lang='lat' dir='ltr'>tendit</span> 
     </span>
     <span class='ocr_line' id='line_1_9' title="bbox 84 1016 944 1109; baseline -0.002 -19"><span class='ocrx_word' id='word_1_51' title='bbox 84 1042 107 1109; x_wconf 64' lang='lat'>².</span> <span class='ocrx_word' id='word_1_52' title='bbox 127 1029 312 1090; x_wconf 88' lang='lat' dir='ltr'>Gramineum</span> <span class='ocrx_word' id='word_1_53' title='bbox 321 1026 351 1085; x_wconf 88' lang='lat' dir='ltr'>in</span> <span class='ocrx_word' id='word_1_54' title='bbox 361 1044 501 1105; x_wconf 90' lang='lat' dir='ltr'>campum,</span> <span class='ocrx_word' id='word_1_55' title='bbox 509 1016 713 1104; x_wconf 84' lang='lat' dir='ltr'>quemcollibus</span> <span class='ocrx_word' id='word_1_56' title='bbox 722 1023 843 1106; x_wconf 88' lang='lat' dir='ltr'>undique</span> <span class='ocrx_word' id='word_1_57' title='bbox 851 1027 944 1088; x_wconf 68' lang='lat' dir='ltr'>cuni»</span> 
     </span>
     <span class='ocr_line' id='line_1_10' title="bbox 105 1120 807 1206; baseline -0.001 -21"><span class='ocrx_word' id='word_1_58' title='bbox 105 1135 107 1139; x_wconf 78' lang='grc'>’</span> <span class='ocrx_word' id='word_1_59' title='bbox 127 1120 284 1206; x_wconf 72' lang='lat' dir='ltr'>&#39;&#39;Cingebant</span> <span class='ocrx_word' id='word_1_60' title='bbox 295 1124 396 1206; x_wconf 80' lang='lat' dir='ltr'>sylvae:</span> <span class='ocrx_word' id='word_1_61' title='bbox 416 1122 560 1201; x_wconf 88' lang='lat' dir='ltr'>mediaque</span> <span class='ocrx_word' id='word_1_62' title='bbox 577 1124 607 1183; x_wconf 89' lang='lat' dir='ltr'>in</span> <span class='ocrx_word' id='word_1_63' title='bbox 624 1123 697 1185; x_wconf 88' lang='lat' dir='ltr'>valle</span> <span class='ocrx_word' id='word_1_64' title='bbox 708 1125 807 1185; x_wconf 83' lang='lat' dir='ltr'>theatri</span> 
     </span>
     <span class='ocr_line' id='line_1_11' title="bbox 129 1216 862 1298; baseline -0.001 -19"><span class='ocrx_word' id='word_1_65' title='bbox 129 1221 226 1290; x_wconf 83' lang='lat' dir='ltr'>Circus</span> <span class='ocrx_word' id='word_1_66' title='bbox 238 1232 305 1287; x_wconf 87' lang='lat' dir='ltr'>erat,</span> <span class='ocrx_word' id='word_1_67' title='bbox 324 1238 381 1298; x_wconf 90' lang='lat' dir='ltr'>quo</span> <span class='ocrx_word' id='word_1_68' title='bbox 401 1216 428 1276; x_wconf 90' lang='lat' dir='ltr'>se</span> <span class='ocrx_word' id='word_1_69' title='bbox 449 1216 543 1275; x_wconf 83' lang='lat' dir='ltr'>multis</span> <span class='ocrx_word' id='word_1_70' title='bbox 564 1235 629 1277; x_wconf 88' lang='lat' dir='ltr'>cum</span> <span class='ocrx_word' id='word_1_71' title='bbox 643 1217 765 1277; x_wconf 84' lang='lat' dir='ltr'>millibus</span> <span class='ocrx_word' id='word_1_72' title='bbox 781 1219 862 1279; x_wconf 75' lang='lat' dir='ltr'>heroo</span> 
     </span>
     <span class='ocr_line' id='line_1_12' title="bbox 127 1315 943 1399; baseline -0.002 -19"><span class='ocrx_word' id='word_1_73' title='bbox 127 1319 256 1380; x_wconf 84' lang='lat' dir='ltr'>Conseffu</span> <span class='ocrx_word' id='word_1_74' title='bbox 270 1318 392 1378; x_wconf 89' lang='lat' dir='ltr'>medium</span> <span class='ocrx_word' id='word_1_75' title='bbox 405 1317 478 1386; x_wconf 88' lang='lat' dir='ltr'>tulit,</span> <span class='ocrx_word' id='word_1_76' title='bbox 497 1319 675 1396; x_wconf 74' lang='lat' dir='ltr'>extrudtoque</span> <span class='ocrx_word' id='word_1_77' title='bbox 699 1315 804 1378; x_wconf 85' lang='lat' dir='ltr'>resedit.</span> <span class='ocrx_word' id='word_1_78' title='bbox 883 1333 943 1399; x_wconf 84' lang='lat'>290</span> 
     </span>
     <span class='ocr_line' id='line_1_13' title="bbox 128 1411 851 1493; baseline -0.006 -17"><span class='ocrx_word' id='word_1_79' title='bbox 128 1415 188 1476; x_wconf 86' lang='lat' dir='ltr'>Hic</span> <span class='ocrx_word' id='word_1_80' title='bbox 209 1414 257 1493; x_wconf 88' lang='lat' dir='ltr'>qui</span> <span class='ocrx_word' id='word_1_81' title='bbox 275 1412 347 1472; x_wconf 89' lang='lat' dir='ltr'>sorte</span> <span class='ocrx_word' id='word_1_82' title='bbox 359 1413 445 1472; x_wconf 88' lang='lat' dir='ltr'>velint</span> <span class='ocrx_word' id='word_1_83' title='bbox 464 1411 562 1493; x_wconf 91' lang='lat' dir='ltr'>rapido</span> <span class='ocrx_word' id='word_1_84' title='bbox 582 1412 746 1474; x_wconf 86' lang='lat' dir='ltr'>contendere</span> <span class='ocrx_word' id='word_1_85' title='bbox 762 1412 851 1484; x_wconf 89' lang='lat' dir='ltr'>cursu,</span> 
     </span>
     <span class='ocr_line' id='line_1_14' title="bbox 127 1511 755 1590; baseline 0 -20"><span class='ocrx_word' id='word_1_86' title='bbox 127 1513 231 1572; x_wconf 84' lang='lat' dir='ltr'>Invitat</span> <span class='ocrx_word' id='word_1_87' title='bbox 251 1511 345 1590; x_wconf 85' lang='lat' dir='ltr'>pretiis</span> <span class='ocrx_word' id='word_1_88' title='bbox 366 1511 485 1580; x_wconf 79' lang='lat' dir='ltr'>animos,</span> <span class='ocrx_word' id='word_1_89' title='bbox 504 1517 530 1570; x_wconf 76' lang='grc' dir='ltr'>δι</span> <span class='ocrx_word' id='word_1_90' title='bbox 542 1513 656 1590; x_wconf 75' lang='lat' dir='ltr'>praemia</span> <span class='ocrx_word' id='word_1_91' title='bbox 667 1512 755 1590; x_wconf 89' lang='lat' dir='ltr'>ponit.</span> 
     </span>
     <span class='ocr_line' id='line_1_15' title="bbox 126 1602 830 1684; baseline -0.003 -18"><span class='ocrx_word' id='word_1_92' title='bbox 126 1605 262 1684; x_wconf 87' lang='lat' dir='ltr'>Undique</span> <span class='ocrx_word' id='word_1_93' title='bbox 283 1603 453 1663; x_wconf 89' lang='lat' dir='ltr'>conveniunt</span> <span class='ocrx_word' id='word_1_94' title='bbox 466 1603 570 1663; x_wconf 87' lang='lat' dir='ltr'>Teucri</span> <span class='ocrx_word' id='word_1_95' title='bbox 581 1603 707 1683; x_wconf 81' lang='lat' dir='ltr'>mistique</span> <span class='ocrx_word' id='word_1_96' title='bbox 718 1602 809 1667; x_wconf 82' lang='lat' dir='ltr'>Sicani</span> <span class='ocrx_word' id='word_1_97' title='bbox 820 1627 830 1671; x_wconf 78' lang='lat' dir='ltr'>r</span> 
     </span>
     <span class='ocr_line' id='line_1_16' title="bbox 125 1693 531 1777; baseline -0.002 -18"><span class='ocrx_word' id='word_1_98' title='bbox 125 1698 211 1759; x_wconf 79' lang='lat' dir='ltr'>Nisus</span> <span class='ocrx_word' id='word_1_99' title='bbox 233 1705 259 1758; x_wconf 78' lang='lat' dir='ltr'>tr</span> <span class='ocrx_word' id='word_1_100' title='bbox 284 1697 418 1777; x_wconf 73' lang='lat' dir='ltr'>Euryalus</span> <span class='ocrx_word' id='word_1_101' title='bbox 438 1693 531 1777; x_wconf 83' lang='lat' dir='ltr'>primi.</span> 
     </span>
    </p>
   </div>
   <div class='ocr_carea' id='block_1_2' title="bbox 126 1789 1015 2166">
    <p class='ocr_par' dir='ltr' id='par_1_2' title="bbox 126 1789 940 1968">
     <span class='ocr_line' id='line_1_17' title="bbox 126 1789 940 1879; baseline 0 -26"><span class='ocrx_word' id='word_1_102' title='bbox 126 1793 262 1872; x_wconf 83' lang='lat' dir='ltr'>Euryalus</span> <span class='ocrx_word' id='word_1_103' title='bbox 275 1794 366 1853; x_wconf 88' lang='lat' dir='ltr'>forma</span> <span class='ocrx_word' id='word_1_104' title='bbox 377 1790 498 1873; x_wconf 75' lang='lat' dir='ltr'>inignit,</span> <span class='ocrx_word' id='word_1_105' title='bbox 511 1790 648 1874; x_wconf 82' lang='lat' dir='ltr'>viridique</span> <span class='ocrx_word' id='word_1_106' title='bbox 670 1789 804 1872; x_wconf 71' lang='lat' dir='ltr'>juventae</span> <span class='ocrx_word' id='word_1_107' title='bbox 881 1808 940 1879; x_wconf 81' lang='lat'>295</span> 
     </span>
     <span class='ocr_line' id='line_1_18' title="bbox 128 1887 848 1968; baseline 0 -19"><span class='ocrx_word' id='word_1_108' title='bbox 128 1889 223 1960; x_wconf 85' lang='lat' dir='ltr'>Nisus,</span> <span class='ocrx_word' id='word_1_109' title='bbox 241 1909 337 1950; x_wconf 88' lang='lat' dir='ltr'>amore</span> <span class='ocrx_word' id='word_1_110' title='bbox 355 1888 405 1968; x_wconf 88' lang='lat' dir='ltr'>pio</span> <span class='ocrx_word' id='word_1_111' title='bbox 420 1889 498 1967; x_wconf 86' lang='lat' dir='ltr'>pueri</span> <span class='ocrx_word' id='word_1_112' title='bbox 514 1910 521 1948; x_wconf 88' lang='lat'>:</span> <span class='ocrx_word' id='word_1_113' title='bbox 540 1909 609 1968; x_wconf 83' lang='lat' dir='ltr'>quos</span> <span class='ocrx_word' id='word_1_114' title='bbox 627 1890 727 1952; x_wconf 89' lang='lat' dir='ltr'>deiude</span> <span class='ocrx_word' id='word_1_115' title='bbox 744 1887 848 1950; x_wconf 81' lang='lat' dir='ltr'>secutus</span> 
     </span>
    </p>

    <p class='ocr_par' dir='ltr' id='par_1_3' title="bbox 126 1986 781 2069">
     <span class='ocr_line' id='line_1_19' title="bbox 126 1986 781 2069; baseline 0 -23"><span class='ocrx_word' id='word_1_116' title='bbox 126 1986 242 2066; x_wconf 79' lang='lat' dir='ltr'>Regius,</span> <span class='ocrx_word' id='word_1_117' title='bbox 260 1986 370 2068; x_wconf 82' lang='lat' dir='ltr'>egregia</span> <span class='ocrx_word' id='word_1_118' title='bbox 388 1986 490 2046; x_wconf 87' lang='lat' dir='ltr'>Priami</span> <span class='ocrx_word' id='word_1_119' title='bbox 507 1986 543 2047; x_wconf 90' lang='lat' dir='ltr'>de</span> <span class='ocrx_word' id='word_1_120' title='bbox 563 1989 652 2069; x_wconf 87' lang='lat' dir='ltr'>stirpe,</span> <span class='ocrx_word' id='word_1_121' title='bbox 672 1991 781 2051; x_wconf 86' lang='lat' dir='ltr'>Diores.</span> 
     </span>
    </p>

    <p class='ocr_par' dir='ltr' id='par_1_4' title="bbox 126 2081 1015 2166">
     <span class='ocr_line' id='line_1_20' title="bbox 126 2081 1015 2166; baseline 0.011 -23"><span class='ocrx_word' id='word_1_122' title='bbox 126 2082 214 2143; x_wconf 88' lang='lat' dir='ltr'>Hunc</span> <span class='ocrx_word' id='word_1_123' title='bbox 225 2081 322 2152; x_wconf 84' lang='lat' dir='ltr'>Sallus,</span> <span class='ocrx_word' id='word_1_124' title='bbox 332 2081 411 2142; x_wconf 83' lang='lat' dir='ltr'>simul</span> <span class='ocrx_word' id='word_1_125' title='bbox 422 2085 447 2139; x_wconf 75' lang='lat' dir='ltr'>dt</span> <span class='ocrx_word' id='word_1_126' title='bbox 458 2084 576 2143; x_wconf 89' lang='lat' dir='ltr'>Patron:</span> <span class='ocrx_word' id='word_1_127' title='bbox 594 2104 713 2163; x_wconf 89' lang='lat' dir='ltr'>quorum</span> <span class='ocrx_word' id='word_1_128' title='bbox 724 2087 938 2165; x_wconf 64' lang='lat' dir='ltr'>alternarum,</span> <span class='ocrx_word' id='word_1_129' title='bbox 1007 2144 1015 2166; x_wconf 82' lang='grc'>,</span> 
     </span>
    </p>
   </div>
   <div class='ocr_carea' id='block_1_3' title="bbox 88 2181 996 3233">
    <p class='ocr_par' dir='ltr' id='par_1_5' title="bbox 125 2181 810 2266">
     <span class='ocr_line' id='line_1_21' title="bbox 125 2181 810 2266; baseline 0.013 -25"><span class='ocrx_word' id='word_1_130' title='bbox 125 2181 207 2241; x_wconf 85' lang='lat' dir='ltr'>Alter</span> <span class='ocrx_word' id='word_1_131' title='bbox 218 2181 255 2240; x_wconf 82' lang='lat' dir='ltr'>ab</span> <span class='ocrx_word' id='word_1_132' title='bbox 273 2181 403 2252; x_wconf 65' lang='lat' dir='ltr'>Arcadia,</span> <span class='ocrx_word' id='word_1_133' title='bbox 423 2182 550 2262; x_wconf 78' lang='lat' dir='ltr'>Tegeaea</span> <span class='ocrx_word' id='word_1_134' title='bbox 568 2181 698 2264; x_wconf 84' lang='lat' dir='ltr'>sanguine</span> <span class='ocrx_word' id='word_1_135' title='bbox 712 2191 810 2266; x_wconf 70' lang='lat' dir='ltr'>gentio.</span> 
     </span>
    </p>

    <p class='ocr_par' dir='ltr' id='par_1_6' title="bbox 88 2277 996 3133">
     <span class='ocr_line' id='line_1_22' title="bbox 88 2277 937 2367; baseline 0.014 -29"><span class='ocrx_word' id='word_1_136' title='bbox 88 2286 95 2299; x_wconf 82' lang='lat'>‘</span> <span class='ocrx_word' id='word_1_137' title='bbox 124 2277 542 2358; x_wconf 84' lang='lat' dir='ltr'>TumduoTrinacriijuvenes‚</span> <span class='ocrx_word' id='word_1_138' title='bbox 550 2281 686 2360; x_wconf 85' lang='lat' dir='ltr'>Helymus</span> <span class='ocrx_word' id='word_1_139' title='bbox 694 2285 937 2367; x_wconf 80' lang='lat' dir='ltr'>Panopesque,300</span> 
     </span>
     <span class='ocr_line' id='line_1_23' title="bbox 124 2369 729 2451; baseline 0.008 -19"><span class='ocrx_word' id='word_1_140' title='bbox 124 2371 232 2433; x_wconf 78' lang='lat' dir='ltr'>Affueti</span> <span class='ocrx_word' id='word_1_141' title='bbox 252 2369 345 2451; x_wconf 86' lang='lat' dir='ltr'>sylvis,</span> <span class='ocrx_word' id='word_1_142' title='bbox 365 2373 478 2432; x_wconf 84' lang='lat' dir='ltr'>comites</span> <span class='ocrx_word' id='word_1_143' title='bbox 496 2371 607 2432; x_wconf 83' lang='lat' dir='ltr'>senioris</span> <span class='ocrx_word' id='word_1_144' title='bbox 619 2375 729 2436; x_wconf 66' lang='lat' dir='ltr'>Acesta.</span> 
     </span>
     <span class='ocr_line' id='line_1_24' title="bbox 124 2467 827 2546; baseline 0.016 -21"><span class='ocrx_word' id='word_1_145' title='bbox 124 2467 212 2526; x_wconf 90' lang='lat' dir='ltr'>Multi</span> <span class='ocrx_word' id='word_1_146' title='bbox 224 2481 365 2545; x_wconf 82' lang='lat' dir='ltr'>praeterea,</span> <span class='ocrx_word' id='word_1_147' title='bbox 384 2488 454 2546; x_wconf 82' lang='lat' dir='ltr'>quos</span> <span class='ocrx_word' id='word_1_148' title='bbox 472 2467 548 2529; x_wconf 80' lang='lat' dir='ltr'>sarna</span> <span class='ocrx_word' id='word_1_149' title='bbox 564 2468 678 2531; x_wconf 89' lang='lat' dir='ltr'>obscura</span> <span class='ocrx_word' id='word_1_150' title='bbox 694 2474 827 2536; x_wconf 67' lang='lat' dir='ltr'>recondit·</span> 
     </span>
     <span class='ocr_line' id='line_1_25' title="bbox 125 2561 807 2640; baseline 0.012 -19"><span class='ocrx_word' id='word_1_151' title='bbox 125 2562 229 2621; x_wconf 85' lang='lat' dir='ltr'>AEneas</span> <span class='ocrx_word' id='word_1_152' title='bbox 239 2561 341 2640; x_wconf 86' lang='lat' dir='ltr'>quibus</span> <span class='ocrx_word' id='word_1_153' title='bbox 356 2562 386 2621; x_wconf 90' lang='lat' dir='ltr'>in</span> <span class='ocrx_word' id='word_1_154' title='bbox 407 2563 504 2623; x_wconf 86' lang='lat' dir='ltr'>mediis</span> <span class='ocrx_word' id='word_1_155' title='bbox 515 2564 553 2623; x_wconf 86' lang='lat' dir='ltr'>lic</span> <span class='ocrx_word' id='word_1_156' title='bbox 570 2563 668 2625; x_wconf 87' lang='lat' dir='ltr'>deinde</span> <span class='ocrx_word' id='word_1_157' title='bbox 680 2565 807 2629; x_wconf 77' lang='lat' dir='ltr'>locutus:</span> 
     </span>
     <span class='ocr_line' id='line_1_26' title="bbox 122 2659 877 2743; baseline 0.012 -26"><span class='ocrx_word' id='word_1_158' title='bbox 122 2659 253 2737; x_wconf 85' lang='lat' dir='ltr'>Accipite</span> <span class='ocrx_word' id='word_1_159' title='bbox 264 2659 326 2730; x_wconf 76' lang='lat' dir='ltr'>haec</span> <span class='ocrx_word' id='word_1_160' title='bbox 343 2659 451 2730; x_wconf 77' lang='lat' dir='ltr'>animia,</span> <span class='ocrx_word' id='word_1_161' title='bbox 470 2661 597 2743; x_wconf 83' lang='lat' dir='ltr'>laetasque</span> <span class='ocrx_word' id='word_1_162' title='bbox 609 2661 742 2724; x_wconf 86' lang='lat' dir='ltr'>advertite</span> <span class='ocrx_word' id='word_1_163' title='bbox 753 2679 877 2734; x_wconf 70' lang='lat' dir='ltr'>mentone</span> 
     </span>
     <span class='ocr_line' id='line_1_27' title="bbox 120 2751 996 2841; baseline 0.015 -30"><span class='ocrx_word' id='word_1_164' title='bbox 120 2751 217 2812; x_wconf 86' lang='lat' dir='ltr'>Nemo</span> <span class='ocrx_word' id='word_1_165' title='bbox 228 2773 264 2813; x_wconf 89' lang='lat' dir='ltr'>ex</span> <span class='ocrx_word' id='word_1_166' title='bbox 275 2755 331 2813; x_wconf 86' lang='lat' dir='ltr'>hoc</span> <span class='ocrx_word' id='word_1_167' title='bbox 340 2772 457 2813; x_wconf 89' lang='lat' dir='ltr'>numero</span> <span class='ocrx_word' id='word_1_168' title='bbox 466 2755 536 2814; x_wconf 89' lang='lat' dir='ltr'>mihi</span> <span class='ocrx_word' id='word_1_169' title='bbox 548 2776 606 2816; x_wconf 90' lang='lat' dir='ltr'>nou</span> <span class='ocrx_word' id='word_1_170' title='bbox 618 2756 733 2818; x_wconf 79' lang='lat' dir='ltr'>donatus</span> <span class='ocrx_word' id='word_1_171' title='bbox 745 2759 842 2822; x_wconf 81' lang='lat' dir='ltr'>abibit.</span> <span class='ocrx_word' id='word_1_172' title='bbox 870 2779 933 2841; x_wconf 72' lang='lat' dir='ltr'>3o5</span> <span class='ocrx_word' id='word_1_173' title='bbox 993 2765 996 2769; x_wconf 78' lang='grc'><em>’</em></span> 
     </span>
     <span class='ocr_line' id='line_1_28' title="bbox 121 2851 713 2918; baseline 0.014 -9"><span class='ocrx_word' id='word_1_174' title='bbox 121 2851 235 2911; x_wconf 81' lang='lat' dir='ltr'>Gnosia</span> <span class='ocrx_word' id='word_1_175' title='bbox 247 2853 312 2912; x_wconf 90' lang='lat' dir='ltr'>bina</span> <span class='ocrx_word' id='word_1_176' title='bbox 324 2851 398 2912; x_wconf 91' lang='lat' dir='ltr'>dabo</span> <span class='ocrx_word' id='word_1_177' title='bbox 408 2853 507 2915; x_wconf 77' lang='lat' dir='ltr'>lavato</span> <span class='ocrx_word' id='word_1_178' title='bbox 525 2855 617 2915; x_wconf 86' lang='lat' dir='ltr'>lucida</span> <span class='ocrx_word' id='word_1_179' title='bbox 639 2857 713 2918; x_wconf 89' lang='lat' dir='ltr'>ferro</span> 
     </span>
     <span class='ocr_line' id='line_1_29' title="bbox 120 2946 856 3036; baseline 0.019 -33"><span class='ocrx_word' id='word_1_180' title='bbox 120 2946 241 3025; x_wconf 87' lang='lat' dir='ltr'>Spicula,</span> <span class='ocrx_word' id='word_1_181' title='bbox 259 2949 437 3029; x_wconf 75' lang='lat' dir='ltr'>celatamque</span> <span class='ocrx_word' id='word_1_182' title='bbox 457 2964 572 3036; x_wconf 80' lang='lat' dir='ltr'>argento</span> <span class='ocrx_word' id='word_1_183' title='bbox 595 2953 667 3015; x_wconf 89' lang='lat' dir='ltr'>ferre</span> <span class='ocrx_word' id='word_1_184' title='bbox 687 2951 856 3035; x_wconf 84' lang='lat' dir='ltr'>bipennem:</span> 
     </span>
     <span class='ocr_line' id='line_1_30' title="bbox 121 3042 896 3133; baseline 0.015 -31"><span class='ocrx_word' id='word_1_185' title='bbox 121 3042 261 3107; x_wconf 72' lang='lat' dir='ltr'>Omnibus</span> <span class='ocrx_word' id='word_1_186' title='bbox 275 3044 322 3107; x_wconf 87' lang='lat' dir='ltr'>bic</span> <span class='ocrx_word' id='word_1_187' title='bbox 340 3045 394 3110; x_wconf 80' lang='lat' dir='ltr'>erit</span> <span class='ocrx_word' id='word_1_188' title='bbox 410 3067 479 3111; x_wconf 83' lang='lat' dir='ltr'>uuut</span> <span class='ocrx_word' id='word_1_189' title='bbox 497 3042 595 3112; x_wconf 80' lang='lat' dir='ltr'>honor.</span> <span class='ocrx_word' id='word_1_190' title='bbox 624 3065 678 3115; x_wconf 70' lang='lat' dir='ltr'>tres</span> <span class='ocrx_word' id='word_1_191' title='bbox 689 3053 896 3133; x_wconf 71' lang='lat' dir='ltr'>premieprimi</span> 
     </span>
    </p>

    <p class='ocr_par' dir='ltr' id='par_1_7' title="bbox 551 3146 938 3233">
     <span class='ocr_line' id='line_1_31' title="bbox 551 3146 938 3233; baseline 0.013 -27"><span class='ocrx_word' id='word_1_192' title='bbox 551 3146 576 3206; x_wconf 84' lang='lat' dir='ltr'>C</span> <span class='ocrx_word' id='word_1_193' title='bbox 598 3168 619 3228; x_wconf 87' lang='lat'>4</span> <span class='ocrx_word' id='word_1_194' title='bbox 819 3228 822 3233; x_wconf 10' lang='grc' dir='ltr'><strong><em>ἢ</em></strong></span> <span class='ocrx_word' id='word_1_195' title='bbox 853 3152 938 3214; x_wconf 83' lang='lat' dir='ltr'>Acci·</span> 
     </span>
    </p>
   </div>
   <div class='ocr_carea' id='block_1_4' title="bbox 0 0 1028 3488">
    <p class='ocr_par' dir='ltr' id='par_1_8' title="bbox 0 0 1028 3488">
     <span class='ocr_line' id='line_1_32' title="bbox 0 0 1028 3488; baseline 0 2"><span class='ocrx_word' id='word_1_196' title='bbox 0 0 1028 3488; x_wconf 95' lang='lat' dir='ltr'> </span> 
     </span>
    </p>
   </div>
  </div>
 </body>
</html>
