2048 3488
151 280 203 375 46
275 234 578 359 P.Vrno'rurr
609 268 861 358 Minonis

152 418 319 482 ‘samareum
332 419 379 479 ille
400 436 483 478 manu
494 416 632 477 custodem
641 417 671 475 in
680 417 773 478 vincla
783 420 891 499 petivit,
915 403 972 504 39}

152 525 238 602 Ipfius
248 544 265 582 a
274 522 343 582 solio
356 521 427 600 regis
437 519 573 598 traxitque
585 533 765 581 trementem:

152 621 195 680 Hi
205 619 347 680 dominam
360 618 435 678 Ditis
446 616 567 676 thalamo
577 615 710 677 deducere
721 618 819 679 adorti.
951 691 953 695 ,

153 720 224 793 Quae
238 731 334 778 contra
346 714 465 776 breviter
478 714 535 774 fata
546 714 583 773 est
595 712 761 794 Amphrysia
771 731 863 778 vates·

151 817 248 878 Nullae
260 817 305 876 hic
317 814 419 875 insidiae
431 812 515 875 talesr
538 812 629 872 absiste
641 814 747 872 moveri
759 839 768 881 ς

152 917 216 976 Nec
228 916 286 976 vim
298 915 353 974 tela
362 914 468 973 ferunt:
497 912 563 972 licet
573 914 669 992 ingens
679 914 783 990 janitor
793 928 872 978 antro
913 924 974 992 406

153 1010 302 1070 AEternum
313 1009 412 1067 latrans
425 1017 561 1086 exangues
574 1020 671 1066 terreat
683 1004 793 1066 umbras
805 1032 814 1076 ς
880 1068 883 1074 Δ

153 1108 234 1168 Casta
243 1108 308 1166 licet
321 1106 411 1186 patrui
420 1103 505 1164 servet
517 1104 676 1183 Proserpina
687 1106 782 1166 limen.
870 1115 871 1119 ’

152 1207 260 1266 Troius
270 1206 381 1273 AEneas,
401 1203 502 1282 pietate
515 1200 626 1283 inriguis
639 1211 663 1263 &
683 1205 775 1274 armis,

154 1302 201 1364 Ad
215 1302 368 1384 genitorem
387 1301 455 1360 imas
467 1300 550 1360 Erebi
560 1299 696 1360 descendit
707 1301 742 1360 ad
750 1302 868 1365 umbras.

156 1400 187 1460 Si
199 1415 226 1459 te
234 1399 311 1458 nulla
319 1411 414 1458 movet
425 1409 507 1456 tantae
517 1397 624 1476 pietatis
632 1398 737 1478 imago,
870 1408 873 1415 ⁴
914 1410 972 1484 403

155 1501 197 1560 At
209 1518 316 1558 ramum
325 1498 410 1567 hunc,
420 1495 508 1576 aperit
520 1516 626 1554 ramum
638 1497 686 1575 qui
701 1498 771 1556 veste
782 1495 894 1568 latebat,

156 1595 307 1675 Agnosces.
326 1595 433 1656 tumida
443 1616 479 1655 ex
491 1595 602 1654 iratum
617 1594 700 1654 corda
711 1595 839 1655 residunt.

154 1695 219 1754 Nec
230 1694 310 1773 plura
318 1694 368 1752 his.
390 1692 436 1751 ille
446 1690 583 1751 admirans
595 1691 751 1751 venerabile
760 1691 866 1753 donum

153 1790 255 1851 Fatalis
267 1791 361 1868 virga,
379 1789 465 1867 longo
478 1789 537 1866 post
545 1803 669 1866 ternpore
680 1787 778 1857 visum,

154 1889 312 1951 Coeruleam
321 1886 439 1946 advertit
448 1887 702 1981 nuppimripaeque
711 1884 888 1966 propinquat.
913 1902 976 1968 4¹0

154 1983 226 2046 Inde
234 1983 300 2043 alias
311 1982 426 2048 animas,
445 2000 507 2058 quae
515 2002 565 2061 per
570 1982 639 2061 juga
649 1981 735 2062 longa
746 1980 884 2055 sedebant,

154 2080 302 2149 Deturbat,
322 2079 450 2156 laxatque
461 2076 555 2138 foros:
576 2077 655 2136 fimul
667 2078 768 2158 accipit
776 2078 858 2139 alveo
935 2056 943 2077 ⁵

153 2175 301 2252 Ingentem
313 2173 442 2232 AEucam.
475 2169 580 2250 gemuit
593 2168 642 2228 sub
649 2168 771 2250 pondere
781 2169 883 2248 cymba

155 2271 261 2339 Sutilis,
280 2269 433 2329 &multam
441 2265 655 2346 accepitrimosa
662 2266 802 2346 pnudem.
915 2286 976 2351 4¹4

154 2369 285 2429 Tandem
298 2369 496 2428 transfluvium
508 2367 660 2427 incolumes
669 2378 817 2446 vatemque
827 2364 976 2450 virumque

154 2463 275 2525 Infonni
287 2465 355 2523 limo
369 2465 519 2544 glaucaque
531 2461 645 2541 exponit
664 2460 694 2520 iu
704 2460 777 2521 ulva.

155 2565 291 2624 Cerberus
303 2567 361 2623 haec
370 2566 466 2643 ingens
475 2563 574 2622 latratu
583 2580 668 2642 regna
679 2562 788 2622 trifauci

154 2666 293 2736 Personat,
311 2664 424 2725 adverso
436 2664 567 2723 recubans
583 2663 710 2722 immanis
721 2664 752 2722 in
765 2676 856 2724 antro.
888 2701 895 2711 -

154 2761 210 2818 Cui
223 2775 308 2829 vates,
327 2761 438 2818 horrere
450 2758 545 2818 videns
553 2758 612 2836 jam
621 2757 693 2817 coila
701 2756 833 2829 colubris,

154 2859 244 2918 Melle
263 2856 604 2936 soporatam&medicatis
612 2854 738 2936 frugibus
748 2854 836 2914 offam
912 2866 974 2935 420

153 2951 271 3028 Objicit.
291 2948 348 3018 ille,
360 2948 433 3006 fame
445 2944 541 3006 rabida
552 2944 605 3004 tria
613 2959 724 3024 guttura
735 2943 868 3027 pandens,

154 3046 280 3124 Corripit
290 3044 434 3122 objectam,
464 3061 548 3124 atque
559 3043 693 3103 immania
703 3056 782 3123 terga
792 3040 903 3103 resoluit
925 3080 928 3085 -

154 3140 336 3213 Fusushumi‚
355 3139 578 3220 rotoqueiugens
590 3136 845 3203 mendicatarum.
892 3182 905 3221 ·,
964 3166 971 3173 ·

846 3232 977 3311 Occupet
