2048 3488
196 164 267 239 240
323 147 365 224 P.
395 146 625 223 Vrncrnrr
662 145 895 225 Mnnouus
941 123 944 128 Α

196 289 273 358 Huc,
293 287 375 348 illuc:
396 306 486 366 neque
497 287 573 346 enirn
583 285 655 346 leuia
673 300 722 346 aut
729 287 834 350 ludicra
845 304 958 371 petuntu

195 386 333 455 Praemi23
352 384 398 445 sed
408 383 499 444 Turni
514 383 548 443 de
558 383 789 465 vita&sanguine
795 401 909 452 certant.
957 419 958 428 ¹

177 489 184 506 ⁸
238 484 321 542 Forte
330 481 402 542 sacer
409 484 504 542 Fauno
516 481 590 540 soliis
603 481 713 541 oleaster
724 485 824 544 amaris

199 578 258 639 Hic
271 581 385 650 steterat,
403 581 491 639 nautis
502 579 571 638 olim
583 578 735 639 venerabile
746 581 870 662 lignum:

200 675 307 734 Servati
320 695 354 734 ex
370 674 449 732 undis
461 673 508 731 ubi
520 672 602 752 figere
615 672 688 731 dona
697 672 819 735 solebant

201 770 332 833 Laurenti
341 768 417 836 divo,
436 775 545 827 &votas
557 766 715 844 suspendere
727 771 821 830 velles.

203 866 257 926 Sed
268 867 377 944 slirpens
389 865 493 924 Teucri
502 863 579 922 nullo
587 862 742 923 discrimine
754 865 859 927 sacrum

202 960 375 1030 sustulerant,
394 978 465 1039 puro
476 973 506 1016 ut
521 959 625 1036 possent
636 978 796 1020 concurrere
807 981 916 1042 campo.

84 1076 89 1083 '
203 1059 262 1120 Hic
272 1059 346 1118 hasta
357 1059 453 1117 AEneae
466 1056 566 1115 stabat:
585 1057 639 1115 huc
648 1057 765 1136 impetus
775 1059 854 1119 illam

203 1158 348 1220 Detulerat
359 1157 451 1224 fixam,
471 1168 499 1214 et
510 1155 584 1213 lenta
594 1155 624 1213 iu
637 1154 726 1214 radice
738 1159 857 1218 tenebat.

203 1253 342 1323 Incubuit,
361 1252 504 1329 voluitque
517 1268 600 1309 manu
612 1250 766 1312 convellere
775 1253 880 1314 serrum

204 1345 394 1414 Dardanides3
413 1347 523 1424 teloque
533 1343 620 1422 sequi,
632 1364 715 1424 quern
727 1347 858 1424 prendere
866 1348 945 1412 cursu

83 1452 84 1456 ’
203 1443 274 1503 Non
286 1455 400 1522 poterat.
421 1456 481 1500 tum
489 1458 556 1500 vero
568 1459 661 1500 amens
673 1439 822 1503 formidine
834 1447 957 1518 Turnus,

204 1543 309 1610 faune,
315 1559 419 1622 precor,
425 1540 557 1609 miserere,
563 1539 761 1618 inquit3tuque
766 1542 872 1620 optima
881 1543 959 1607 serru

204 1637 295 1696 Terra
305 1648 381 1701 tenes
401 1633 475 1692 colui
488 1633 587 1691 vestros
600 1632 621 1691 si
632 1632 735 1712 semper
743 1634 871 1707 honores,

205 1729 285 1808 Qus
297 1742 392 1788 contra
400 1725 531 1787 AEneadae
540 1724 614 1783 bello
621 1725 709 1785 secere
719 1726 859 1805 profanos.

203 1826 444 1904 Dixit,0pemque
455 1821 500 1882 dei
510 1842 566 1881 non
575 1821 680 1882 casluin
692 1836 759 1883 vota
770 1824 890 1886 vomuit.
956 1854 959 1904 ᾗ

203 1928 346 2006 Namque,
365 1925 414 1984 diu
422 1923 526 1983 lullaus
532 1922 661 2001 lentoque
669 1925 698 1982 in
710 1924 791 2002 stirpe
802 1939 933 1999 moratus,

203 2017 319 2079 Viribus
328 2013 403 2076 haud
414 2013 476 2073 ullis
487 2013 574 2073 valuit
580 2012 728 2074 discludere
739 2014 844 2077 morsus

204 2111 328 2173 Roboris
342 2112 451 2172 AEneas.
469 2107 538 2167 dum
549 2107 645 2167 nititur
651 2127 714 2168 acer
724 2116 751 2170 dt
764 2109 851 2181 instat,

205 2205 308 2269 Rursus
320 2205 349 2264 in
358 2205 460 2284 aurigae
467 2203 566 2263 satiem
577 2216 682 2265 mutata
693 2203 814 2276 Metisci,

203 2295 353 2364 Procurrlt,
360 2295 491 2371 fratrique
497 2292 597 2364 ensem,
607 2292 660 2353 dea
671 2294 791 2365 Daunia,
800 2294 899 2358 reddit.

74 2467 77 2471 φ
203 2389 291 2471 Quod
302 2389 397 2449 Venus
408 2387 505 2447 audaci
516 2388 645 2466 nymphae
659 2386 801 2469 indignata
808 2390 901 2462 liuere,

203 2488 329 2556 Accedit,
348 2485 488 2564 telumque
497 2485 553 2544 alta
562 2484 598 2544 ab
610 2485 700 2546 radice
712 2488 828 2550 revellit.

204 2584 275 2653 Olli,
294 2580 421 2642 sublimes
432 2582 525 2651 armis,
544 2581 695 2660 animisque
705 2583 810 2656 resedli,

202 2680 263 2740 Hic
271 2676 363 2758 gladio
375 2675 471 2746 fidens,
490 2678 535 2737 hic
543 2698 606 2738 acer
617 2679 749 2740 &arduus
761 2681 843 2754 hasla,

201 2775 341 2836 Adstlluut
350 2787 446 2833 contra
453 2777 600 2834 certamine
611 2776 710 2836 Martis
718 2777 819 2838 anheli.

240 2875 379 2952 junonem
388 2873 490 2932 interea
497 2893 546 2933 rex
554 2875 749 2954 omnipotentis
762 2876 878 2956 Olympi

202 2971 373 3053 alloquitur,
391 2970 469 3052 fulua
480 2991 588 3053 pugnas
598 2973 712 3038 denube
724 2987 861 3038 tuentem:

948 3077 960 3135 ί
