2048 3488
135 187 137 191 ·
215 162 719 274 AEunruuernunXI.
797 133 884 268 193³·

44 304 154 365 Primus
162 322 228 387 ego,
245 304 365 364 invisum
377 323 460 383 quem
473 319 504 363 tu
517 303 567 363 tibi
582 303 671 382 fingis,
691 309 717 362 &
729 304 781 364 esse

45 397 101 457 Nil
111 415 214 466 moror,
231 417 268 457 en
279 397 393 478 supplex
405 398 497 458 venio.
520 397 645 456 miserere
654 412 765 457 tuorum
787 397 868 479 :365

46 498 126 556 Pone
134 495 251 564 animos,
267 502 296 555 ἀ
311 495 399 576 pulsus
408 495 463 555 abi.
483 494 523 554 sat
533 493 630 554 funera
641 494 692 554 fusi

31 581 34 586 ’
51 593 189 663 Vidimus,
208 595 366 674 ingentes&
379 593 560 652 desolavimus
572 613 662 674 agros.

55 695 125 762 Aut,
145 694 165 752 fi
178 693 257 753 samu
264 706 368 760 movet,
386 692 408 750 fi
420 706 526 750 tantum
538 693 648 770 pestore
658 689 745 750 robur

51 794 195 873 Concipis‚
213 801 239 853 δι
249 794 269 852 si
281 792 350 852 adeo
362 791 462 852 dotalis
472 792 549 872 regia
559 791 637 851 cordi
646 791 683 850 est
692 815 709 864 ς,

52 890 145 959 Aude,
164 904 248 969 atque
260 887 403 947 adversum
414 888 500 948 fidens
512 887 555 947 fer
566 889 659 966 pestus
671 888 702 946 in
712 886 827 947 hostem.

53 985 173 1054 Scilicet,
192 999 224 1044 ut
235 985 335 1043 Turno
344 984 484 1064 contingat
493 984 568 1062 regia
581 983 694 1061 conjux,
809 1003 863 1064 37¹

54 1082 128 1149 Nos,
146 1080 331 1150 animus-viles,
351 1080 492 1138 inhumata
503 1078 650 1158 infletaque
663 1079 752 1148 turbe,

56 1183 215 1241 sternamur
227 1181 340 1259 campis.
359 1181 454 1256 etjam
464 1193 506 1248 tu,
522 1179 609 1256 siqua
621 1179 672 1238 tibi
686 1180 737 1248 vis,

57 1280 87 1338 Si
94 1280 177 1358 patrii
190 1279 258 1358 quid
267 1278 366 1340 Martis
377 1276 468 1346 habes,
487 1277 566 1335 illum
579 1277 667 1357 aspice
675 1291 780 1348 contra,

58 1375 219 1451 Qnivocat.
815 1391 869 1452 375

13 1509 15 1514 ·
58 1472 175 1532 Talibus
187 1471 284 1530 exarsit
293 1469 370 1529 diuis
382 1468 513 1529 violentia
521 1469 629 1530 Turni:

46 1569 119 1631 'Dat
132 1568 277 1650 gemitum,
295 1568 454 1647 rumpitque
466 1569 514 1627 has
526 1568 585 1627 imo
594 1569 703 1647 peslore
715 1584 813 1629 voces:

60 1671 153 1750 Larga
164 1668 285 1748 quidem,
306 1669 425 1738 Drance,
444 1666 548 1748 semper
566 1667 617 1727 tibi
629 1652 806 1747 copiasanrli‚

60 1769 146 1828 Tunc
154 1789 218 1828 eum
230 1762 302 1826 bella
315 1786 410 1825 manus
418 1767 542 1845 poscunt,
562 1765 736 1846 patribusque
747 1766 851 1826 vocatis

59 1863 169 1930 Primus
179 1865 259 1925 ades:
279 1863 325 1925 sed
336 1882 393 1924 non
404 1864 534 1944 replenda
544 1865 581 1923 est
592 1867 667 1924 curia
678 1862 779 1934 verbis,
819 1867 875 1943 380

62 1965 134 2040 Qae
145 1973 206 2019 tuto
217 1958 268 2018 tibi
281 1979 381 2039 magna
389 1959 492 2028 volant,
511 1958 578 2018 dum
590 1959 697 2019 distinet
708 1959 812 2018 hostem

62 2063 161 2138 Agger
168 2076 320 2126 murorum,
338 2077 390 2117 nec
400 2057 670 2138 inundantsanguine
681 2058 764 2117 foffae.

63 2153 181 2217 Proinde
190 2168 256 2213 tona
267 2154 390 2233 eloquio,
409 2156 518 2216 solitum
528 2156 578 2215 tibi
589 2182 598 2224 3
619 2176 718 2235 meque
729 2155 837 2215 timoris

65 2254 162 2330 Argue
173 2264 213 2319 tu,
233 2250 360 2310 Drance:
379 2251 490 2329 quaudo
500 2266 541 2311 tot
550 2253 760 2331 magisacervos

65 2354 241 2414 Teucrorum
253 2363 300 2409 tua
310 2351 404 2410 dextra
412 2350 497 2420 dedit,
516 2353 663 2430 paffimque
674 2350 781 2431 tropaeis
822 2353 877 2432 385

67 2450 183 2529 Insignis
195 2464 284 2528 agros.
304 2448 381 2526 poffit
393 2447 460 2527 quid
471 2448 563 2507 vivida
574 2450 670 2528 virtus,

67 2543 215 2624 Experiere
227 2540 309 2600 licet:
328 2561 379 2602 nec
392 2542 475 2622 longe
487 2541 588 2603 scilicet
599 2543 685 2602 hostes

69 2637 217 2710 Quaerendi
229 2637 322 2697 nobis:
342 2639 515 2700 circumstant
526 2640 648 2721 undique
659 2661 761 2704 muros.

63 2740 147 2799 -Imus
160 2737 189 2795 in
202 2735 349 2795 adversos?
369 2737 437 2815 quid
450 2738 551 2800 cessas?
570 2761 607 2799 an
618 2740 669 2799 tibi
681 2741 796 2803 Mavors

70 2820 718 2918 Ventossinlinguapedibusquefuge'cibusillis
826 2859 883 2920 390

72 2932 187 3008 Semper
198 2929 270 2989 erit?

73 3019 251 3100 Pulsusegul
268 3035 316 3086 aut
327 3021 471 3103 quisquam
483 3024 592 3100 nerito,
613 3023 763 3098 foedissime,
775 3025 885 3104 pulsum

790 3125 918 3202 megum,
