<?xml version="1.0" encoding="UTF-8"?>
<!DOCTYPE html PUBLIC "-//W3C//DTD XHTML 1.0 Transitional//EN"
    "http://www.w3.org/TR/xhtml1/DTD/xhtml1-transitional.dtd">
<html xmlns="http://www.w3.org/1999/xhtml" xml:lang="en" lang="en">
 <head>
  <title>
</title>
<meta http-equiv="Content-Type" content="text/html;charset=utf-8" />
  <meta name='ocr-system' content='tesseract 3.04.00' />
  <meta name='ocr-capabilities' content='ocr_page ocr_carea ocr_par ocr_line ocrx_word'/>
</head>
<body>
  <div class='ocr_page' id='page_1' title='image "./publiivirgiliim04virggoog/publiivirgiliim04virggoog_0200.png"; bbox 0 0 2048 3488; ppageno 0'>
   <div class='ocr_carea' id='block_1_1' title="bbox 192 128 865 229">
    <p class='ocr_par' dir='ltr' id='par_1_1' title="bbox 192 128 865 229">
     <span class='ocr_line' id='line_1_1' title="bbox 192 128 865 229; baseline -0.007 -18"><span class='ocrx_word' id='word_1_1' title='bbox 192 132 438 212; x_wconf 77' lang='lat' dir='ltr'>AEuuruou</span> <span class='ocrx_word' id='word_1_2' title='bbox 461 128 621 205; x_wconf 77' lang='lat' dir='ltr'>Lunata</span> <span class='ocrx_word' id='word_1_3' title='bbox 651 129 715 207; x_wconf 83' lang='grc' dir='ltr'>ΙΧ.</span> <span class='ocrx_word' id='word_1_4' title='bbox 798 154 865 229; x_wconf 83' lang='lat'>145</span> 
     </span>
    </p>
   </div>
   <div class='ocr_carea' id='block_1_2' title="bbox 47 264 884 3050">
    <p class='ocr_par' dir='ltr' id='par_1_2' title="bbox 47 264 876 645">
     <span class='ocr_line' id='line_1_2' title="bbox 47 264 876 354; baseline -0.005 -25"><span class='ocrx_word' id='word_1_5' title='bbox 47 272 220 354; x_wconf 69' lang='lat' dir='ltr'>sanguinea,</span> <span class='ocrx_word' id='word_1_6' title='bbox 239 270 392 349; x_wconf 81' lang='lat' dir='ltr'>clypeoque</span> <span class='ocrx_word' id='word_1_7' title='bbox 404 265 534 325; x_wconf 84' lang='lat' dir='ltr'>micantia</span> <span class='ocrx_word' id='word_1_8' title='bbox 546 264 656 344; x_wconf 85' lang='lat' dir='ltr'>fulgura</span> <span class='ocrx_word' id='word_1_9' title='bbox 673 265 767 326; x_wconf 89' lang='lat' dir='ltr'>mittit.</span> <span class='ocrx_word' id='word_1_10' title='bbox 873 328 876 333; x_wconf 65' lang='grc'>,</span> 
     </span>
     <span class='ocr_line' id='line_1_3' title="bbox 49 363 867 455; baseline -0.01 -19"><span class='ocrx_word' id='word_1_11' title='bbox 49 372 216 455; x_wconf 83' lang='lat' dir='ltr'>Agnoscunt</span> <span class='ocrx_word' id='word_1_12' title='bbox 229 366 329 428; x_wconf 84' lang='lat' dir='ltr'>faciem</span> <span class='ocrx_word' id='word_1_13' title='bbox 348 363 473 435; x_wconf 83' lang='lat' dir='ltr'>invisam,</span> <span class='ocrx_word' id='word_1_14' title='bbox 493 379 575 442; x_wconf 87' lang='lat' dir='ltr'>atque</span> <span class='ocrx_word' id='word_1_15' title='bbox 595 365 726 424; x_wconf 90' lang='lat' dir='ltr'>immania</span> <span class='ocrx_word' id='word_1_16' title='bbox 743 366 867 428; x_wconf 86' lang='lat' dir='ltr'>membra</span> 
     </span>
     <span class='ocr_line' id='line_1_4' title="bbox 50 464 867 553; baseline -0.013 -17"><span class='ocrx_word' id='word_1_17' title='bbox 50 473 173 537; x_wconf 81' lang='lat' dir='ltr'>Turbati</span> <span class='ocrx_word' id='word_1_18' title='bbox 182 469 272 530; x_wconf 87' lang='lat' dir='ltr'>subito</span> <span class='ocrx_word' id='word_1_19' title='bbox 287 464 428 526; x_wconf 85' lang='lat' dir='ltr'>AEneadae.</span> <span class='ocrx_word' id='word_1_20' title='bbox 451 479 511 524; x_wconf 91' lang='lat' dir='ltr'>tum</span> <span class='ocrx_word' id='word_1_21' title='bbox 524 464 659 524; x_wconf 85' lang='lat' dir='ltr'>Pandarus</span> <span class='ocrx_word' id='word_1_22' title='bbox 669 465 766 547; x_wconf 82' lang='lat' dir='ltr'>ingena</span> <span class='ocrx_word' id='word_1_23' title='bbox 810 486 845 547; x_wconf 83' lang='lat'>73</span> <span class='ocrx_word' id='word_1_24' title='bbox 850 490 867 553; x_wconf 72' lang='grc' dir='ltr'><strong><em>ς</em></strong></span> 
     </span>
     <span class='ocr_line' id='line_1_5' title="bbox 52 565 664 645; baseline -0.02 -8"><span class='ocrx_word' id='word_1_25' title='bbox 52 575 172 645; x_wconf 87' lang='lat' dir='ltr'>Emicat,</span> <span class='ocrx_word' id='word_1_26' title='bbox 191 577 226 642; x_wconf 76' lang='lat' dir='ltr'>dc,</span> <span class='ocrx_word' id='word_1_27' title='bbox 239 569 336 630; x_wconf 78' lang='lat' dir='ltr'>mortis</span> <span class='ocrx_word' id='word_1_28' title='bbox 345 566 470 627; x_wconf 82' lang='lat' dir='ltr'>staternae</span> <span class='ocrx_word' id='word_1_29' title='bbox 481 565 600 626; x_wconf 85' lang='lat' dir='ltr'>fervidus</span> <span class='ocrx_word' id='word_1_30' title='bbox 613 567 664 638; x_wconf 88' lang='lat' dir='ltr'>ira,</span> 
     </span>
    </p>

    <p class='ocr_par' dir='ltr' id='par_1_3' title="bbox 52 662 664 742">
     <span class='ocr_line' id='line_1_6' title="bbox 52 662 664 742; baseline -0.018 -9"><span class='ocrx_word' id='word_1_31' title='bbox 52 673 180 733; x_wconf 89' lang='lat' dir='ltr'>Effatur:</span> <span class='ocrx_word' id='word_1_32' title='bbox 201 685 258 726; x_wconf 82' lang='lat' dir='ltr'>nou</span> <span class='ocrx_word' id='word_1_33' title='bbox 269 666 329 724; x_wconf 83' lang='lat' dir='ltr'>haec</span> <span class='ocrx_word' id='word_1_34' title='bbox 347 662 450 723; x_wconf 81' lang='lat' dir='ltr'>dotalis.</span> <span class='ocrx_word' id='word_1_35' title='bbox 459 662 534 742; x_wconf 86' lang='lat' dir='ltr'>regia</span> <span class='ocrx_word' id='word_1_36' title='bbox 546 663 664 733; x_wconf 85' lang='lat' dir='ltr'>Amatae,</span> 
     </span>
    </p>

    <p class='ocr_par' dir='ltr' id='par_1_4' title="bbox 51 757 826 935">
     <span class='ocr_line' id='line_1_7' title="bbox 51 757 826 837; baseline -0.001 -14"><span class='ocrx_word' id='word_1_37' title='bbox 51 767 117 827; x_wconf 83' lang='lat' dir='ltr'>Nec</span> <span class='ocrx_word' id='word_1_38' title='bbox 128 762 214 823; x_wconf 82' lang='lat' dir='ltr'>muria</span> <span class='ocrx_word' id='word_1_39' title='bbox 234 758 346 820; x_wconf 85' lang='lat' dir='ltr'>cohibet</span> <span class='ocrx_word' id='word_1_40' title='bbox 367 757 461 837; x_wconf 88' lang='lat' dir='ltr'>patriis</span> <span class='ocrx_word' id='word_1_41' title='bbox 478 757 568 818; x_wconf 91' lang='lat' dir='ltr'>media</span> <span class='ocrx_word' id='word_1_42' title='bbox 579 759 671 820; x_wconf 85' lang='lat' dir='ltr'>Ardea</span> <span class='ocrx_word' id='word_1_43' title='bbox 680 760 826 826; x_wconf 66' lang='lat' dir='ltr'>Turnum</span> 
     </span>
     <span class='ocr_line' id='line_1_8' title="bbox 54 851 778 935; baseline -0.006 -14"><span class='ocrx_word' id='word_1_44' title='bbox 54 861 149 921; x_wconf 83' lang='lat' dir='ltr'>Castra</span> <span class='ocrx_word' id='word_1_45' title='bbox 159 855 274 916; x_wconf 90' lang='lat' dir='ltr'>inimica</span> <span class='ocrx_word' id='word_1_46' title='bbox 286 853 384 912; x_wconf 84' lang='lat' dir='ltr'>vides.</span> <span class='ocrx_word' id='word_1_47' title='bbox 376 872 384 887; x_wconf 92' lang='lat'><strong>·</strong></span> <span class='ocrx_word' id='word_1_48' title='bbox 405 851 481 911; x_wconf 90' lang='lat' dir='ltr'>nulla</span> <span class='ocrx_word' id='word_1_49' title='bbox 492 852 557 911; x_wconf 91' lang='lat' dir='ltr'>hinc</span> <span class='ocrx_word' id='word_1_50' title='bbox 569 853 643 914; x_wconf 90' lang='lat' dir='ltr'>exire</span> <span class='ocrx_word' id='word_1_51' title='bbox 654 855 778 935; x_wconf 81' lang='lat' dir='ltr'>potestas.</span> 
     </span>
    </p>

    <p class='ocr_par' dir='ltr' id='par_1_5' title="bbox 54 946 867 1130">
     <span class='ocr_line' id='line_1_9' title="bbox 54 946 867 1034; baseline -0.011 -17"><span class='ocrx_word' id='word_1_52' title='bbox 54 955 115 1016; x_wconf 87' lang='lat' dir='ltr'>Olli</span> <span class='ocrx_word' id='word_1_53' title='bbox 128 948 266 1015; x_wconf 78' lang='lat' dir='ltr'>subridens</span> <span class='ocrx_word' id='word_1_54' title='bbox 277 946 369 1007; x_wconf 87' lang='lat' dir='ltr'>sedato</span> <span class='ocrx_word' id='word_1_55' title='bbox 381 950 491 1026; x_wconf 72' lang='lat' dir='ltr'>pedore</span> <span class='ocrx_word' id='word_1_56' title='bbox 501 949 630 1009; x_wconf 86' lang='lat' dir='ltr'>Turnus:</span> <span class='ocrx_word' id='word_1_57' title='bbox 810 969 867 1034; x_wconf 83' lang='lat'>74⁰</span> 
     </span>
     <span class='ocr_line' id='line_1_10' title="bbox 54 1041 790 1130; baseline 0.003 -25"><span class='ocrx_word' id='word_1_58' title='bbox 54 1050 160 1130; x_wconf 77' lang='lat' dir='ltr'>Incipe,</span> <span class='ocrx_word' id='word_1_59' title='bbox 179 1045 279 1123; x_wconf 73' lang='lat' dir='ltr'>siqua</span> <span class='ocrx_word' id='word_1_60' title='bbox 276 1061 370 1102; x_wconf 79' lang='lat' dir='ltr'>animo</span> <span class='ocrx_word' id='word_1_61' title='bbox 379 1041 474 1112; x_wconf 87' lang='lat' dir='ltr'>vrrtus</span> <span class='ocrx_word' id='word_1_62' title='bbox 493 1043 636 1105; x_wconf 84' lang='lat' dir='ltr'>&amp;consere</span> <span class='ocrx_word' id='word_1_63' title='bbox 645 1044 790 1109; x_wconf 84' lang='lat' dir='ltr'>dextram</span> 
     </span>
    </p>

    <p class='ocr_par' dir='ltr' id='par_1_6' title="bbox 53 1138 779 1304">
     <span class='ocr_line' id='line_1_11' title="bbox 53 1138 779 1206; baseline -0.001 -1"><span class='ocrx_word' id='word_1_64' title='bbox 53 1146 113 1206; x_wconf 90' lang='lat' dir='ltr'>Hic</span> <span class='ocrx_word' id='word_1_65' title='bbox 125 1145 207 1204; x_wconf 88' lang='lat' dir='ltr'>etiam</span> <span class='ocrx_word' id='word_1_66' title='bbox 220 1142 362 1200; x_wconf 84' lang='lat' dir='ltr'>inventum</span> <span class='ocrx_word' id='word_1_67' title='bbox 374 1138 486 1199; x_wconf 80' lang='lat' dir='ltr'>Priame</span> <span class='ocrx_word' id='word_1_68' title='bbox 497 1139 622 1199; x_wconf 86' lang='lat' dir='ltr'>narrabis</span> <span class='ocrx_word' id='word_1_69' title='bbox 630 1142 779 1206; x_wconf 77' lang='lat' dir='ltr'>Achillem.</span> 
     </span>
     <span class='ocr_line' id='line_1_12' title="bbox 53 1235 700 1304; baseline -0.005 -1"><span class='ocrx_word' id='word_1_70' title='bbox 53 1243 180 1304; x_wconf 86' lang='lat' dir='ltr'>Dixerat.</span> <span class='ocrx_word' id='word_1_71' title='bbox 199 1239 247 1299; x_wconf 92' lang='lat' dir='ltr'>rlle</span> <span class='ocrx_word' id='word_1_72' title='bbox 258 1236 354 1298; x_wconf 90' lang='lat' dir='ltr'>rudem</span> <span class='ocrx_word' id='word_1_73' title='bbox 365 1235 445 1296; x_wconf 79' lang='lat' dir='ltr'>nudis</span> <span class='ocrx_word' id='word_1_74' title='bbox 465 1239 601 1298; x_wconf 81' lang='lat' dir='ltr'>&amp;cortice</span> <span class='ocrx_word' id='word_1_75' title='bbox 613 1238 700 1301; x_wconf 87' lang='lat' dir='ltr'>crudo</span> 
     </span>
    </p>

    <p class='ocr_par' dir='ltr' id='par_1_7' title="bbox 55 1334 719 1420">
     <span class='ocr_line' id='line_1_13' title="bbox 55 1334 719 1420; baseline -0.006 -18"><span class='ocrx_word' id='word_1_76' title='bbox 55 1343 210 1420; x_wconf 85' lang='lat' dir='ltr'>Intorquet,</span> <span class='ocrx_word' id='word_1_77' title='bbox 228 1336 339 1397; x_wconf 79' lang='lat' dir='ltr'>summis</span> <span class='ocrx_word' id='word_1_78' title='bbox 350 1334 465 1396; x_wconf 80' lang='lat' dir='ltr'>adnixus</span> <span class='ocrx_word' id='word_1_79' title='bbox 476 1334 589 1406; x_wconf 72' lang='lat' dir='ltr'>viribus,</span> <span class='ocrx_word' id='word_1_80' title='bbox 607 1337 719 1398; x_wconf 80' lang='lat' dir='ltr'>hastam.</span> 
     </span>
    </p>

    <p class='ocr_par' dir='ltr' id='par_1_8' title="bbox 56 1425 884 1892">
     <span class='ocr_line' id='line_1_14' title="bbox 58 1425 884 1520; baseline -0.006 -23"><span class='ocrx_word' id='word_1_81' title='bbox 58 1439 200 1515; x_wconf 85' lang='lat' dir='ltr'>Excepere</span> <span class='ocrx_word' id='word_1_82' title='bbox 211 1453 283 1493; x_wconf 84' lang='lat' dir='ltr'>aurae</span> <span class='ocrx_word' id='word_1_83' title='bbox 293 1431 406 1492; x_wconf 82' lang='lat' dir='ltr'>vulnus:</span> <span class='ocrx_word' id='word_1_84' title='bbox 427 1432 551 1491; x_wconf 74' lang='lat' dir='ltr'>Saturnia</span> <span class='ocrx_word' id='word_1_85' title='bbox 563 1433 639 1511; x_wconf 86' lang='lat' dir='ltr'>Juno</span> <span class='ocrx_word' id='word_1_86' title='bbox 811 1425 884 1520; x_wconf 51' lang='lat'>745]</span> 
     </span>
     <span class='ocr_line' id='line_1_15' title="bbox 57 1529 874 1610; baseline -0.01 -10"><span class='ocrx_word' id='word_1_87' title='bbox 57 1531 314 1600; x_wconf 83' lang='lat' dir='ltr'>Detorsrtvenieus,</span> <span class='ocrx_word' id='word_1_88' title='bbox 339 1529 705 1610; x_wconf 79' lang='lat' dir='ltr'>portaequeiufigiturhasla.</span> <span class='ocrx_word' id='word_1_89' title='bbox 872 1537 874 1540; x_wconf 73' lang='grc'>’</span> 
     </span>
     <span class='ocr_line' id='line_1_16' title="bbox 57 1620 776 1701; baseline 0 -12"><span class='ocrx_word' id='word_1_90' title='bbox 57 1631 100 1689; x_wconf 91' lang='lat' dir='ltr'>At</span> <span class='ocrx_word' id='word_1_91' title='bbox 109 1646 167 1687; x_wconf 92' lang='lat' dir='ltr'>non</span> <span class='ocrx_word' id='word_1_92' title='bbox 177 1626 231 1685; x_wconf 90' lang='lat' dir='ltr'>hoc</span> <span class='ocrx_word' id='word_1_93' title='bbox 239 1623 337 1692; x_wconf 88' lang='lat' dir='ltr'>telum,</span> <span class='ocrx_word' id='word_1_94' title='bbox 355 1642 416 1682; x_wconf 89' lang='lat' dir='ltr'>mea</span> <span class='ocrx_word' id='word_1_95' title='bbox 428 1620 504 1701; x_wconf 88' lang='lat' dir='ltr'>quod</span> <span class='ocrx_word' id='word_1_96' title='bbox 515 1622 544 1681; x_wconf 89' lang='lat' dir='ltr'>vi</span> <span class='ocrx_word' id='word_1_97' title='bbox 557 1620 667 1684; x_wconf 87' lang='lat' dir='ltr'>dextera</span> <span class='ocrx_word' id='word_1_98' title='bbox 677 1625 776 1697; x_wconf 81' lang='lat' dir='ltr'>versat,</span> 
     </span>
     <span class='ocr_line' id='line_1_17' title="bbox 56 1713 868 1800; baseline 0.004 -23"><span class='ocrx_word' id='word_1_99' title='bbox 56 1721 197 1800; x_wconf 80' lang='lat' dir='ltr'>Effugicu3</span> <span class='ocrx_word' id='word_1_100' title='bbox 215 1714 388 1794; x_wconf 89' lang='lat' dir='ltr'>nequeenim</span> <span class='ocrx_word' id='word_1_101' title='bbox 400 1715 424 1773; x_wconf 83' lang='lat' dir='ltr'>ie</span> <span class='ocrx_word' id='word_1_102' title='bbox 449 1713 496 1773; x_wconf 90' lang='lat' dir='ltr'>teli</span> <span class='ocrx_word' id='word_1_103' title='bbox 514 1733 566 1774; x_wconf 90' lang='lat' dir='ltr'>uec</span> <span class='ocrx_word' id='word_1_104' title='bbox 579 1716 696 1779; x_wconf 80' lang='lat' dir='ltr'>vulneris</span> <span class='ocrx_word' id='word_1_105' title='bbox 707 1723 811 1781; x_wconf 69' lang='lat' dir='ltr'>auum.</span> <span class='ocrx_word' id='word_1_106' title='bbox 865 1764 868 1771; x_wconf 81' lang='grc'>-</span> 
     </span>
     <span class='ocr_line' id='line_1_18' title="bbox 59 1795 735 1892; baseline 0.001 -15"><span class='ocrx_word' id='word_1_107' title='bbox 59 1817 107 1877; x_wconf 86' lang='lat' dir='ltr'>Sic</span> <span class='ocrx_word' id='word_1_108' title='bbox 120 1817 167 1887; x_wconf 90' lang='lat' dir='ltr'>ait,</span> <span class='ocrx_word' id='word_1_109' title='bbox 197 1811 370 1874; x_wconf 86' lang='lat' dir='ltr'>&amp;sublatum</span> <span class='ocrx_word' id='word_1_110' title='bbox 381 1811 435 1871; x_wconf 89' lang='lat' dir='ltr'>alte</span> <span class='ocrx_word' id='word_1_111' title='bbox 446 1795 583 1892; x_wconf 76' lang='lat' dir='ltr'>consurgit</span> <span class='ocrx_word' id='word_1_112' title='bbox 594 1814 623 1872; x_wconf 93' lang='lat' dir='ltr'>in</span> <span class='ocrx_word' id='word_1_113' title='bbox 635 1816 735 1889; x_wconf 86' lang='lat' dir='ltr'>ensem,</span> 
     </span>
    </p>

    <p class='ocr_par' dir='ltr' id='par_1_9' title="bbox 58 1907 868 2084">
     <span class='ocr_line' id='line_1_19' title="bbox 58 1907 868 1998; baseline 0.007 -25"><span class='ocrx_word' id='word_1_114' title='bbox 58 1914 98 1974; x_wconf 89' lang='lat' dir='ltr'>Et</span> <span class='ocrx_word' id='word_1_115' title='bbox 108 1911 226 1972; x_wconf 79' lang='lat' dir='ltr'>mediam</span> <span class='ocrx_word' id='word_1_116' title='bbox 239 1909 312 1970; x_wconf 83' lang='lat' dir='ltr'>ferro</span> <span class='ocrx_word' id='word_1_117' title='bbox 324 1909 434 1989; x_wconf 84' lang='lat' dir='ltr'>gemina</span> <span class='ocrx_word' id='word_1_118' title='bbox 445 1907 516 1968; x_wconf 88' lang='lat' dir='ltr'>inter</span> <span class='ocrx_word' id='word_1_119' title='bbox 527 1922 651 1988; x_wconf 89' lang='lat' dir='ltr'>tempora</span> <span class='ocrx_word' id='word_1_120' title='bbox 660 1912 781 1976; x_wconf 84' lang='lat' dir='ltr'>frontem</span> <span class='ocrx_word' id='word_1_121' title='bbox 810 1934 868 1998; x_wconf 81' lang='lat'>750</span> 
     </span>
     <span class='ocr_line' id='line_1_20' title="bbox 60 2003 740 2084; baseline -0.001 -15"><span class='ocrx_word' id='word_1_122' title='bbox 60 2007 184 2077; x_wconf 81' lang='lat' dir='ltr'>Dividit,</span> <span class='ocrx_word' id='word_1_123' title='bbox 205 2004 383 2084; x_wconf 87' lang='lat' dir='ltr'>impubesque</span> <span class='ocrx_word' id='word_1_124' title='bbox 393 2003 510 2064; x_wconf 84' lang='lat' dir='ltr'>immani</span> <span class='ocrx_word' id='word_1_125' title='bbox 524 2005 634 2066; x_wconf 83' lang='lat' dir='ltr'>vulnere</span> <span class='ocrx_word' id='word_1_126' title='bbox 645 2010 740 2081; x_wconf 72' lang='lat' dir='ltr'>malm.</span> 
     </span>
    </p>

    <p class='ocr_par' dir='ltr' id='par_1_10' title="bbox 60 2098 874 2569">
     <span class='ocr_line' id='line_1_21' title="bbox 60 2098 746 2178; baseline 0.007 -17"><span class='ocrx_word' id='word_1_127' title='bbox 60 2102 108 2162; x_wconf 92' lang='lat' dir='ltr'>Fit</span> <span class='ocrx_word' id='word_1_128' title='bbox 116 2100 213 2161; x_wconf 72' lang='lat' dir='ltr'>sonus:</span> <span class='ocrx_word' id='word_1_129' title='bbox 232 2099 337 2178; x_wconf 81' lang='lat' dir='ltr'>ingenti</span> <span class='ocrx_word' id='word_1_130' title='bbox 349 2098 474 2161; x_wconf 85' lang='lat' dir='ltr'>concussa</span> <span class='ocrx_word' id='word_1_131' title='bbox 484 2098 521 2159; x_wconf 86' lang='lat' dir='ltr'>est</span> <span class='ocrx_word' id='word_1_132' title='bbox 532 2099 652 2178; x_wconf 89' lang='lat' dir='ltr'>pondere</span> <span class='ocrx_word' id='word_1_133' title='bbox 658 2105 746 2166; x_wconf 77' lang='lat' dir='ltr'>tellus.</span> 
     </span>
     <span class='ocr_line' id='line_1_22' title="bbox 62 2195 795 2274; baseline 0.008 -18"><span class='ocrx_word' id='word_1_134' title='bbox 62 2195 379 2274; x_wconf 80' lang='lat' dir='ltr'>Collapsosartusatque</span> <span class='ocrx_word' id='word_1_135' title='bbox 390 2213 466 2253; x_wconf 89' lang='lat' dir='ltr'>arma</span> <span class='ocrx_word' id='word_1_136' title='bbox 478 2209 589 2255; x_wconf 87' lang='lat' dir='ltr'>cruenta</span> <span class='ocrx_word' id='word_1_137' title='bbox 599 2199 712 2260; x_wconf 85' lang='lat' dir='ltr'>cerebro</span> <span class='ocrx_word' id='word_1_138' title='bbox 793 2257 795 2261; x_wconf 79' lang='grc'>,</span> 
     </span>
     <span class='ocr_line' id='line_1_23' title="bbox 62 2289 874 2381; baseline 0 -28"><span class='ocrx_word' id='word_1_139' title='bbox 62 2292 165 2353; x_wconf 83' lang='lat' dir='ltr'>Sternit</span> <span class='ocrx_word' id='word_1_140' title='bbox 176 2290 255 2352; x_wconf 86' lang='lat' dir='ltr'>humi</span> <span class='ocrx_word' id='word_1_141' title='bbox 265 2290 399 2358; x_wconf 70' lang='lat' dir='ltr'>morienna</span> <span class='ocrx_word' id='word_1_142' title='bbox 418 2304 500 2369; x_wconf 81' lang='lat' dir='ltr'>atquc</span> <span class='ocrx_word' id='word_1_143' title='bbox 512 2289 554 2350; x_wconf 86' lang='lat' dir='ltr'>illi</span> <span class='ocrx_word' id='word_1_144' title='bbox 564 2293 685 2370; x_wconf 81' lang='lat' dir='ltr'>partibus</span> <span class='ocrx_word' id='word_1_145' title='bbox 697 2296 782 2376; x_wconf 85' lang='lat' dir='ltr'>aequiu</span> <span class='ocrx_word' id='word_1_146' title='bbox 816 2318 874 2381; x_wconf 82' lang='lat'>754</span> 
     </span>
     <span class='ocr_line' id='line_1_24' title="bbox 62 2390 866 2479; baseline 0.009 -25"><span class='ocrx_word' id='word_1_147' title='bbox 62 2393 132 2454; x_wconf 89' lang='lat' dir='ltr'>Huc</span> <span class='ocrx_word' id='word_1_148' title='bbox 143 2405 225 2472; x_wconf 86' lang='lat' dir='ltr'>caput</span> <span class='ocrx_word' id='word_1_149' title='bbox 235 2403 318 2470; x_wconf 82' lang='lat' dir='ltr'>atque</span> <span class='ocrx_word' id='word_1_150' title='bbox 330 2390 395 2450; x_wconf 90' lang='lat' dir='ltr'>illuc</span> <span class='ocrx_word' id='word_1_151' title='bbox 406 2390 521 2450; x_wconf 87' lang='lat' dir='ltr'>humere</span> <span class='ocrx_word' id='word_1_152' title='bbox 534 2411 569 2451; x_wconf 91' lang='lat' dir='ltr'>ex</span> <span class='ocrx_word' id='word_1_153' title='bbox 581 2405 697 2474; x_wconf 90' lang='lat' dir='ltr'>utroque</span> <span class='ocrx_word' id='word_1_154' title='bbox 707 2398 845 2479; x_wconf 83' lang='lat' dir='ltr'>pependit.</span> <span class='ocrx_word' id='word_1_155' title='bbox 862 2465 866 2469; x_wconf 64' lang='grc'>,</span> 
     </span>
     <span class='ocr_line' id='line_1_25' title="bbox 64 2486 682 2569; baseline 0.008 -18"><span class='ocrx_word' id='word_1_156' title='bbox 64 2489 225 2569; x_wconf 85' lang='lat' dir='ltr'>Diffugiunt</span> <span class='ocrx_word' id='word_1_157' title='bbox 230 2488 299 2549; x_wconf 78' lang='lat' dir='ltr'>versu</span> <span class='ocrx_word' id='word_1_158' title='bbox 306 2486 413 2568; x_wconf 78' lang='lat' dir='ltr'>trepida</span> <span class='ocrx_word' id='word_1_159' title='bbox 425 2486 572 2550; x_wconf 87' lang='lat' dir='ltr'>formidine</span> <span class='ocrx_word' id='word_1_160' title='bbox 580 2491 682 2556; x_wconf 80' lang='lat' dir='ltr'>True&#39;e.</span> 
     </span>
    </p>

    <p class='ocr_par' dir='ltr' id='par_1_11' title="bbox 66 2583 685 2662">
     <span class='ocr_line' id='line_1_26' title="bbox 66 2583 685 2662; baseline 0.003 -16"><span class='ocrx_word' id='word_1_161' title='bbox 66 2586 115 2653; x_wconf 81' lang='lat' dir='ltr'>Et,</span> <span class='ocrx_word' id='word_1_162' title='bbox 134 2583 154 2643; x_wconf 88' lang='lat' dir='ltr'>si</span> <span class='ocrx_word' id='word_1_163' title='bbox 166 2583 298 2643; x_wconf 83' lang='lat' dir='ltr'>continue</span> <span class='ocrx_word' id='word_1_164' title='bbox 307 2583 438 2644; x_wconf 69' lang='lat' dir='ltr'>viliorem</span> <span class='ocrx_word' id='word_1_165' title='bbox 450 2603 482 2643; x_wconf 86' lang='lat' dir='ltr'>ea</span> <span class='ocrx_word' id='word_1_166' title='bbox 493 2602 559 2644; x_wconf 92' lang='lat' dir='ltr'>cura</span> <span class='ocrx_word' id='word_1_167' title='bbox 568 2585 685 2662; x_wconf 85' lang='lat' dir='ltr'>subisset,</span> 
     </span>
    </p>

    <p class='ocr_par' dir='ltr' id='par_1_12' title="bbox 67 2673 880 2858">
     <span class='ocr_line' id='line_1_27' title="bbox 67 2673 880 2769; baseline 0.015 -30"><span class='ocrx_word' id='word_1_168' title='bbox 67 2679 209 2757; x_wconf 87' lang='lat' dir='ltr'>Rumpere</span> <span class='ocrx_word' id='word_1_169' title='bbox 219 2678 331 2739; x_wconf 81' lang='lat' dir='ltr'>claustra</span> <span class='ocrx_word' id='word_1_170' title='bbox 339 2673 442 2750; x_wconf 71' lang='lat' dir='ltr'>manu,</span> <span class='ocrx_word' id='word_1_171' title='bbox 462 2680 600 2761; x_wconf 87' lang='lat' dir='ltr'>sociosque</span> <span class='ocrx_word' id='word_1_172' title='bbox 613 2683 760 2759; x_wconf 80' lang='lat' dir='ltr'>immittere</span> <span class='ocrx_word' id='word_1_173' title='bbox 771 2688 880 2769; x_wconf 66' lang='lat' dir='ltr'>portis,</span> 
     </span>
     <span class='ocr_line' id='line_1_28' title="bbox 67 2773 786 2858; baseline 0.018 -24"><span class='ocrx_word' id='word_1_174' title='bbox 67 2773 193 2836; x_wconf 85' lang='lat' dir='ltr'>Ultimus</span> <span class='ocrx_word' id='word_1_175' title='bbox 201 2775 249 2836; x_wconf 92' lang='lat' dir='ltr'>ille</span> <span class='ocrx_word' id='word_1_176' title='bbox 257 2775 315 2836; x_wconf 79' lang='lat' dir='ltr'>dies</span> <span class='ocrx_word' id='word_1_177' title='bbox 323 2775 397 2837; x_wconf 88' lang='lat' dir='ltr'>bello</span> <span class='ocrx_word' id='word_1_178' title='bbox 410 2780 540 2858; x_wconf 86' lang='lat' dir='ltr'>gentique</span> <span class='ocrx_word' id='word_1_179' title='bbox 553 2781 648 2843; x_wconf 82' lang='lat' dir='ltr'>suisset.</span> <span class='ocrx_word' id='word_1_180' title='bbox 782 2843 786 2847; x_wconf 86' lang='lat'><em>.</em></span> 
     </span>
    </p>

    <p class='ocr_par' dir='ltr' id='par_1_13' title="bbox 69 2869 882 3050">
     <span class='ocr_line' id='line_1_29' title="bbox 69 2869 882 2960; baseline 0.012 -27"><span class='ocrx_word' id='word_1_181' title='bbox 69 2869 125 2933; x_wconf 87' lang='lat' dir='ltr'>Sed</span> <span class='ocrx_word' id='word_1_182' title='bbox 136 2871 213 2932; x_wconf 87' lang='lat' dir='ltr'>furor</span> <span class='ocrx_word' id='word_1_183' title='bbox 225 2872 366 2934; x_wconf 72' lang='lat' dir='ltr'>mdeutem</span> <span class='ocrx_word' id='word_1_184' title='bbox 378 2873 510 2956; x_wconf 76' lang='lat' dir='ltr'>cadisque</span> <span class='ocrx_word' id='word_1_185' title='bbox 523 2876 614 2939; x_wconf 88' lang='lat' dir='ltr'>insana</span> <span class='ocrx_word' id='word_1_186' title='bbox 625 2877 727 2959; x_wconf 86' lang='lat' dir='ltr'>cupido</span> <span class='ocrx_word' id='word_1_187' title='bbox 824 2882 882 2960; x_wconf 86' lang='lat'>760</span> 
     </span>
     <span class='ocr_line' id='line_1_30' title="bbox 70 2966 327 3050; baseline 0 -20"><span class='ocrx_word' id='word_1_188' title='bbox 70 2968 139 3050; x_wconf 82' lang='lat' dir='ltr'>Egit</span> <span class='ocrx_word' id='word_1_189' title='bbox 151 2969 181 3029; x_wconf 89' lang='lat' dir='ltr'>in</span> <span class='ocrx_word' id='word_1_190' title='bbox 193 2966 327 3049; x_wconf 78' lang='lat' dir='ltr'>adverset.¹</span> 
     </span>
    </p>
   </div>
   <div class='ocr_carea' id='block_1_3' title="bbox 750 3074 893 3156">
    <p class='ocr_par' dir='ltr' id='par_1_14' title="bbox 750 3074 893 3156">
     <span class='ocr_line' id='line_1_31' title="bbox 750 3074 893 3156; baseline 0.007 -20"><span class='ocrx_word' id='word_1_191' title='bbox 750 3074 893 3156; x_wconf 65' lang='lat' dir='ltr'>Principia</span> 
     </span>
    </p>
   </div>
   <div class='ocr_carea' id='block_1_4' title="bbox 0 0 1056 3488">
    <p class='ocr_par' dir='ltr' id='par_1_15' title="bbox 0 0 1056 3488">
     <span class='ocr_line' id='line_1_32' title="bbox 0 0 1056 3488; baseline 0 0"><span class='ocrx_word' id='word_1_192' title='bbox 0 0 1056 3488; x_wconf 95' lang='lat' dir='ltr'> </span> 
     </span>
    </p>
   </div>
  </div>
 </body>
</html>
