2048 3488
153 179 222 281 176
301 176 342 249 P.
367 173 575 248 Vinctum
603 169 801 250 Minoum

152 311 270 389 Jamque
282 305 438 386 assurgentis
449 304 561 373 dextrae,
581 304 746 383 plagamque
765 304 876 365 fetentia
976 320 979 327 ·

152 410 249 469 AEueae
261 405 342 465 subiit
354 423 525 472 mucronem,
544 402 688 482 ipsumque
701 401 834 463 morando

154 501 291 568 Sustinuit.
313 496 378 557 socii
392 517 494 576 magno
507 496 628 555 elamore
640 495 796 574 sequuntur,

152 597 232 657 Dum
244 596 352 676 genitor
361 595 418 653 nati
430 614 526 673 parma
539 594 675 672 protedtua
687 592 775 652 abiret
787 615 795 653 ι
906 598 966 656 800

154 694 281 773 Telaque
293 692 452 771 conjiciunt,
474 690 690 769 proturbantque
704 691 811 751 eminus
821 691 927 753 hostem

153 790 307 854 Miffilibus.
327 789 394 848 furit
408 789 519 856 AEneas,
538 784 674 864 tedtusque
686 800 761 846 tenet
773 787 809 848 se.

154 889 201 946 Ac
213 884 299 951 velut,
319 880 402 942 effusa
413 881 433 938 fi
445 878 556 958 quando
570 879 701 958 grandine
714 881 803 943 nimbi

155 981 342 1060 Praemium,
360 978 450 1037 omnis
463 979 566 1056 campis
580 978 691 1056 diffugit
701 994 805 1054 arator,

155 1075 256 1136 Omnis
265 1078 291 1131 tc
304 1069 444 1149 agricola;
463 1076 488 1128 &
501 1084 559 1128 tuta
567 1070 633 1128 latet
645 1091 706 1131 arce
718 1072 819 1145 viator,
909 1082 966 1160 8ος

156 1172 216 1234 Aut
227 1167 315 1229 amnis
324 1166 400 1244 ripis,
421 1180 468 1224 aut
479 1165 527 1224 alti
539 1165 644 1224 fornice
656 1166 721 1238 saxi,

156 1270 235 1328 Dum
247 1265 318 1345 pluit
328 1264 358 1322 in
369 1262 468 1330 terris;
488 1278 518 1321 ut
526 1264 632 1342 poffiut,
651 1263 707 1324 sole
720 1267 841 1340 redudo,

156 1366 291 1424 Exercere
302 1361 395 1427 diem;
414 1359 451 1418 fic
467 1360 580 1419 obrutus
593 1359 714 1441 undique
732 1364 793 1424 telis

156 1465 260 1527 AEneas
271 1460 372 1520 nubem
386 1458 462 1530 belli,
482 1458 549 1517 dum
561 1458 681 1530 detonet,
700 1480 814 1523 omnem
912 1484 916 1493 ·

158 1554 442 1626 Sustinet3&Lausum
452 1554 604 1634 increpitat.
612 1555 756 1636 Lausoque
762 1561 898 1623 minatur:
911 1564 971 1633 810

157 1659 228 1734 Qu
240 1653 373 1714 moriture
384 1652 439 1711 ruis
451 1657 461 1710 ἓ
482 1653 639 1732 majoraque
650 1654 754 1715 viribus
765 1656 848 1719 audet
859 1664 870 1719 i

158 1748 240 1809 Fallit
249 1759 276 1806 te
289 1746 428 1804 incautum
440 1742 526 1821 pietas
538 1757 593 1803 tua.
615 1764 665 1804 nec
677 1747 768 1809 minua
776 1749 825 1811 ille

157 1840 271 1902 Exultat
284 1836 404 1896 demens.
426 1834 503 1892 saevae
518 1835 633 1915 jamque
646 1837 726 1900 altius
735 1839 783 1900 irae

156 1935 301 2000 Dardanio
311 1932 422 2012 surgunt
434 1930 550 2001 dudiori,
569 1948 744 2015 extremaque
756 1939 846 2001 Lauso

157 2033 248 2094 Pmeae
260 2027 306 2086 fila
316 2025 429 2106 legunt:
447 2023 570 2085 validum
582 2046 701 2107 namque
710 2031 797 2113 exigit
805 2034 897 2097 ensem
914 2042 973 2122 815

156 2131 211 2191 Per
221 2125 342 2188 medium
354 2125 455 2185 AEneas
461 2124 602 2203 juvenem,
621 2139 766 2207 totumque
775 2135 911 2201 recondit.
934 2210 937 2215 ‚

156 2220 279 2282 Tranfiit
288 2224 314 2277 δι
323 2236 447 2296 parmam
460 2237 564 2288 mucro,
583 2217 740 2281 leviaarma
750 2227 875 2299 minacia,

156 2319 196 2379 Et
214 2317 345 2385 tunicam,
364 2314 442 2372 molli
456 2328 542 2375 mater
553 2337 636 2396 quam
649 2336 759 2380 neverat
766 2343 853 2393 euros

157 2416 344 2499 Implevitque
356 2414 443 2473 tinum
452 2412 568 2494 sanguis.
588 2429 648 2475 tum
658 2419 715 2478 vita
725 2440 775 2498 per
783 2442 861 2483 auras

158 2512 295 2575 Concedit
308 2511 401 2569 moesta
417 2510 451 2569 ad
465 2531 567 2582 manes,
587 2515 740 2594 corpusque
751 2520 872 2600 reliquit.
916 2527 986 2587 820.

158 2611 201 2673 At
211 2628 278 2670 vero
290 2620 320 2665 ut
331 2606 439 2666 vultum
453 2607 523 2667 vidit
535 2609 676 2671 morientis
688 2620 714 2673 δι
726 2634 784 2687 ora,

157 2712 219 2770 Ora
230 2706 319 2767 modis
332 2705 507 2765 Anchisiades
522 2707 652 2785 pallentia
664 2713 751 2784 miris,

158 2804 301 2884 Ingemuit
315 2803 433 2881 graviter
444 2802 582 2873 miserans,
602 2804 781 2889 dextramque
793 2812 921 2885 tetendit,
985 2852 990 2859 ·

159 2907 197 2964 Et
208 2917 329 2964 mentem
342 2903 435 2981 patriae
445 2901 526 2963 subiit
535 2905 642 2983 pietatis
654 2907 757 2989 imago.

158 2999 236 3079 Quid
247 3000 297 3062 tibi
308 3019 390 3070 nunc,
401 2999 550 3066 miserande
559 3023 637 3083 puer,
650 3025 703 3084 pro
710 3006 834 3070 laudibus
843 3009 908 3081 istis,
919 3017 980 3095 825

897 3105 983 3191 Qu
