<?xml version="1.0" encoding="UTF-8"?>
<!DOCTYPE html PUBLIC "-//W3C//DTD XHTML 1.0 Transitional//EN"
    "http://www.w3.org/TR/xhtml1/DTD/xhtml1-transitional.dtd">
<html xmlns="http://www.w3.org/1999/xhtml" xml:lang="en" lang="en">
 <head>
  <title>
</title>
<meta http-equiv="Content-Type" content="text/html;charset=utf-8" />
  <meta name='ocr-system' content='tesseract 3.04.00' />
  <meta name='ocr-capabilities' content='ocr_page ocr_carea ocr_par ocr_line ocrx_word'/>
</head>
<body>
  <div class='ocr_page' id='page_1' title='image "./publiivirgiliim04virggoog/publiivirgiliim04virggoog_0183.png"; bbox 0 0 2048 3488; ppageno 0'>
   <div class='ocr_carea' id='block_1_1' title="bbox 173 136 841 237">
    <p class='ocr_par' dir='ltr' id='par_1_1' title="bbox 173 136 841 237">
     <span class='ocr_line' id='line_1_1' title="bbox 173 136 841 237; baseline 0.01 -23"><span class='ocrx_word' id='word_1_1' title='bbox 173 158 239 237; x_wconf 74' lang='lat'><strong>132</strong></span> <span class='ocrx_word' id='word_1_2' title='bbox 291 138 329 213; x_wconf 86' lang='lat' dir='ltr'><strong>P.</strong></span> <span class='ocrx_word' id='word_1_3' title='bbox 354 136 841 221; x_wconf 78' lang='lat' dir='ltr'><strong>VtucreuMetouts</strong></span> 
     </span>
    </p>
   </div>
   <div class='ocr_carea' id='block_1_2' title="bbox 166 277 986 549">
    <p class='ocr_par' dir='ltr' id='par_1_2' title="bbox 166 277 986 549">
     <span class='ocr_line' id='line_1_2' title="bbox 166 277 986 377; baseline 0.004 -36"><span class='ocrx_word' id='word_1_4' title='bbox 166 282 244 341; x_wconf 84' lang='lat' dir='ltr'><strong>Tum</strong></span> <span class='ocrx_word' id='word_1_5' title='bbox 256 280 364 361; x_wconf 78' lang='lat' dir='ltr'><strong>galeam</strong></span> <span class='ocrx_word' id='word_1_6' title='bbox 376 277 492 357; x_wconf 83' lang='lat' dir='ltr'><strong>Melsapi</strong></span> <span class='ocrx_word' id='word_1_7' title='bbox 501 277 623 337; x_wconf 85' lang='lat' dir='ltr'><strong>habilem</strong></span> <span class='ocrx_word' id='word_1_8' title='bbox 636 280 774 362; x_wconf 79' lang='lat' dir='ltr'><strong>cristisque</strong></span> <span class='ocrx_word' id='word_1_9' title='bbox 782 283 916 353; x_wconf 72' lang='lat' dir='ltr'><strong>decoram</strong></span> <span class='ocrx_word' id='word_1_10' title='bbox 930 292 986 377; x_wconf 78' lang='lat'><strong>365</strong></span> 
     </span>
     <span class='ocr_line' id='line_1_3' title="bbox 166 371 810 451; baseline -0.002 -18"><span class='ocrx_word' id='word_1_11' title='bbox 166 374 270 434; x_wconf 85' lang='lat' dir='ltr'><strong>Induit.</strong></span> <span class='ocrx_word' id='word_1_12' title='bbox 290 371 426 433; x_wconf 87' lang='lat' dir='ltr'><strong>excedunt</strong></span> <span class='ocrx_word' id='word_1_13' title='bbox 435 371 534 437; x_wconf 85' lang='lat' dir='ltr'><strong>castris,</strong></span> <span class='ocrx_word' id='word_1_14' title='bbox 554 376 579 428; x_wconf 75' lang='grc' dir='ltr'><strong>δι</strong></span> <span class='ocrx_word' id='word_1_15' title='bbox 592 384 651 430; x_wconf 83' lang='lat' dir='ltr'><strong>tuta</strong></span> <span class='ocrx_word' id='word_1_16' title='bbox 663 374 810 451; x_wconf 79' lang='lat' dir='ltr'><strong>capellunt.</strong></span> 
     </span>
     <span class='ocr_line' id='line_1_4' title="bbox 206 467 808 549; baseline 0.002 -19"><span class='ocrx_word' id='word_1_17' title='bbox 206 474 314 531; x_wconf 89' lang='lat' dir='ltr'><strong>lnterea</strong></span> <span class='ocrx_word' id='word_1_18' title='bbox 325 467 450 549; x_wconf 83' lang='lat' dir='ltr'><strong>ptaemiffi</strong></span> <span class='ocrx_word' id='word_1_19' title='bbox 457 467 562 546; x_wconf 85' lang='lat' dir='ltr'>equites</span> <span class='ocrx_word' id='word_1_20' title='bbox 573 488 608 527; x_wconf 83' lang='lat' dir='ltr'><strong>ex</strong></span> <span class='ocrx_word' id='word_1_21' title='bbox 620 468 687 528; x_wconf 89' lang='lat' dir='ltr'><strong>urbe</strong></span> <span class='ocrx_word' id='word_1_22' title='bbox 697 471 808 545; x_wconf 82' lang='lat' dir='ltr'><strong>Latina,</strong></span> 
     </span>
    </p>
   </div>
   <div class='ocr_carea' id='block_1_3' title="bbox 165 564 838 645">
    <p class='ocr_par' dir='ltr' id='par_1_3' title="bbox 165 564 838 645">
     <span class='ocr_line' id='line_1_5' title="bbox 165 564 838 645; baseline 0.003 -16"><span class='ocrx_word' id='word_1_23' title='bbox 165 570 275 629; x_wconf 81' lang='lat' dir='ltr'><strong>Caetera</strong></span> <span class='ocrx_word' id='word_1_24' title='bbox 285 566 352 626; x_wconf 87' lang='lat' dir='ltr'><strong>dum</strong></span> <span class='ocrx_word' id='word_1_25' title='bbox 360 564 435 645; x_wconf 86' lang='lat' dir='ltr'><strong>legio</strong></span> <span class='ocrx_word' id='word_1_26' title='bbox 452 565 555 643; x_wconf 88' lang='lat' dir='ltr'><strong>campis</strong></span> <span class='ocrx_word' id='word_1_27' title='bbox 566 565 693 625; x_wconf 70' lang='lat' dir='ltr'><strong>instructa</strong></span> <span class='ocrx_word' id='word_1_28' title='bbox 704 585 838 643; x_wconf 84' lang='lat' dir='ltr'><strong>motatur,</strong></span> 
     </span>
    </p>
   </div>
   <div class='ocr_carea' id='block_1_4' title="bbox 150 666 1020 3059">
    <p class='ocr_par' dir='ltr' id='par_1_4' title="bbox 164 666 755 746">
     <span class='ocr_line' id='line_1_6' title="bbox 164 666 755 746; baseline -0.003 -13"><span class='ocrx_word' id='word_1_29' title='bbox 164 671 258 741; x_wconf 78' lang='lat' dir='ltr'><strong>Ibant,</strong></span> <span class='ocrx_word' id='word_1_30' title='bbox 275 666 611 746; x_wconf 83' lang='lat' dir='ltr'><strong>&amp;Turno&#39;regiresponla</strong></span> <span class='ocrx_word' id='word_1_31' title='bbox 621 667 755 741; x_wconf 88' lang='lat' dir='ltr'><strong>ferebant,</strong></span> 
     </span>
    </p>

    <p class='ocr_par' dir='ltr' id='par_1_5' title="bbox 164 763 988 859">
     <span class='ocr_line' id='line_1_7' title="bbox 164 763 988 859; baseline 0 -32"><span class='ocrx_word' id='word_1_32' title='bbox 164 767 346 835; x_wconf 85' lang='lat' dir='ltr'>Tercentum,</span> <span class='ocrx_word' id='word_1_33' title='bbox 364 763 459 824; x_wconf 84' lang='lat' dir='ltr'><strong>scutati</strong></span> <span class='ocrx_word' id='word_1_34' title='bbox 469 782 575 833; x_wconf 86' lang='lat' dir='ltr'><strong>omnes,</strong></span> <span class='ocrx_word' id='word_1_35' title='bbox 590 764 736 827; x_wconf 89' lang='lat' dir='ltr'><strong>Volscente</strong></span> <span class='ocrx_word' id='word_1_36' title='bbox 747 768 886 849; x_wconf 81' lang='lat' dir='ltr'><strong>magistro.</strong></span> <span class='ocrx_word' id='word_1_37' title='bbox 929 796 988 859; x_wconf 73' lang='lat'><strong>370</strong></span> 
     </span>
    </p>

    <p class='ocr_par' dir='ltr' id='par_1_6' title="bbox 163 856 938 943">
     <span class='ocr_line' id='line_1_8' title="bbox 163 856 938 943; baseline 0.008 -26"><span class='ocrx_word' id='word_1_38' title='bbox 163 865 282 943; x_wconf 82' lang='lat' dir='ltr'><strong>Jamque</strong></span> <span class='ocrx_word' id='word_1_39' title='bbox 290 856 510 940; x_wconf 87' lang='lat' dir='ltr'><strong>propinquabant</strong></span> <span class='ocrx_word' id='word_1_40' title='bbox 516 856 618 926; x_wconf 85' lang='lat' dir='ltr'><strong>castris,</strong></span> <span class='ocrx_word' id='word_1_41' title='bbox 638 860 784 940; x_wconf 84' lang='lat' dir='ltr'><strong>murosque</strong></span> <span class='ocrx_word' id='word_1_42' title='bbox 796 860 938 941; x_wconf 80' lang='lat' dir='ltr'><strong>subibant,</strong></span> 
     </span>
    </p>

    <p class='ocr_par' dir='ltr' id='par_1_7' title="bbox 165 956 875 1041">
     <span class='ocr_line' id='line_1_9' title="bbox 165 956 875 1041; baseline 0.003 -19"><span class='ocrx_word' id='word_1_43' title='bbox 165 964 240 1022; x_wconf 85' lang='lat' dir='ltr'><strong>Cum</strong></span> <span class='ocrx_word' id='word_1_44' title='bbox 248 959 344 1041; x_wconf 87' lang='lat' dir='ltr'><strong>procul</strong></span> <span class='ocrx_word' id='word_1_45' title='bbox 352 958 402 1017; x_wconf 83' lang='lat' dir='ltr'><strong>hos</strong></span> <span class='ocrx_word' id='word_1_46' title='bbox 411 956 481 1015; x_wconf 85' lang='lat' dir='ltr'><strong>laevo</strong></span> <span class='ocrx_word' id='word_1_47' title='bbox 494 957 631 1017; x_wconf 72' lang='lat' dir='ltr'><strong>flectentes</strong></span> <span class='ocrx_word' id='word_1_48' title='bbox 639 958 729 1019; x_wconf 88' lang='lat' dir='ltr'><strong>limite</strong></span> <span class='ocrx_word' id='word_1_49' title='bbox 740 976 875 1025; x_wconf 76' lang='lat' dir='ltr'><strong>cernente</strong></span> 
     </span>
    </p>

    <p class='ocr_par' dir='ltr' id='par_1_8' title="bbox 162 1051 836 1141">
     <span class='ocr_line' id='line_1_10' title="bbox 162 1051 836 1141; baseline -0.001 -21"><span class='ocrx_word' id='word_1_50' title='bbox 162 1062 203 1121; x_wconf 86' lang='lat' dir='ltr'><strong>Et</strong></span> <span class='ocrx_word' id='word_1_51' title='bbox 213 1060 292 1141; x_wconf 83' lang='lat' dir='ltr'><strong>galea</strong></span> <span class='ocrx_word' id='word_1_52' title='bbox 302 1055 453 1135; x_wconf 76' lang='lat' dir='ltr'><strong>Euryalum</strong></span> <span class='ocrx_word' id='word_1_53' title='bbox 464 1051 586 1113; x_wconf 84' lang='lat' dir='ltr'><strong>sublulln&#39;</strong></span> <span class='ocrx_word' id='word_1_54' title='bbox 596 1056 683 1115; x_wconf 64' lang='lat' dir='ltr'><strong>nomin</strong></span> <span class='ocrx_word' id='word_1_55' title='bbox 694 1058 724 1117; x_wconf 87' lang='lat' dir='ltr'><strong>in</strong></span> <span class='ocrx_word' id='word_1_56' title='bbox 737 1058 836 1119; x_wconf 87' lang='lat' dir='ltr'><strong>umbra</strong></span> 
     </span>
    </p>

    <p class='ocr_par' dir='ltr' id='par_1_9' title="bbox 162 1150 1020 1231">
     <span class='ocr_line' id='line_1_11' title="bbox 162 1150 1020 1231; baseline -0.002 -13"><span class='ocrx_word' id='word_1_57' title='bbox 162 1154 287 1218; x_wconf 83' lang='lat' dir='ltr'><strong>Prodidit</strong></span> <span class='ocrx_word' id='word_1_58' title='bbox 295 1155 498 1219; x_wconf 87' lang='lat' dir='ltr'><strong>immemorem,</strong></span> <span class='ocrx_word' id='word_1_59' title='bbox 516 1150 651 1231; x_wconf 81' lang='lat' dir='ltr'><strong>radiisque</strong></span> <span class='ocrx_word' id='word_1_60' title='bbox 663 1152 775 1215; x_wconf 83' lang='lat' dir='ltr'><strong>adversa</strong></span> <span class='ocrx_word' id='word_1_61' title='bbox 785 1154 902 1221; x_wconf 81' lang='lat' dir='ltr'><strong>tefulfit.</strong></span> <span class='ocrx_word' id='word_1_62' title='bbox 1016 1190 1020 1195; x_wconf 96' lang='lat'>-</span> 
     </span>
    </p>

    <p class='ocr_par' dir='ltr' id='par_1_10' title="bbox 162 1245 985 1443">
     <span class='ocr_line' id='line_1_12' title="bbox 162 1245 985 1333; baseline -0.001 -21"><span class='ocrx_word' id='word_1_63' title='bbox 162 1250 250 1313; x_wconf 83' lang='lat' dir='ltr'><strong>Haud</strong></span> <span class='ocrx_word' id='word_1_64' title='bbox 261 1264 362 1311; x_wconf 85' lang='lat' dir='ltr'><strong>temere</strong></span> <span class='ocrx_word' id='word_1_65' title='bbox 373 1248 411 1309; x_wconf 87' lang='lat' dir='ltr'><strong>est</strong></span> <span class='ocrx_word' id='word_1_66' title='bbox 427 1245 526 1309; x_wconf 82' lang='lat' dir='ltr'><strong>uisum.</strong></span> <span class='ocrx_word' id='word_1_67' title='bbox 560 1247 716 1311; x_wconf 81' lang='lat' dir='ltr'><strong>conclamat</strong></span> <span class='ocrx_word' id='word_1_68' title='bbox 734 1250 771 1311; x_wconf 89' lang='lat' dir='ltr'><strong>ab</strong></span> <span class='ocrx_word' id='word_1_69' title='bbox 784 1254 898 1333; x_wconf 77' lang='lat' dir='ltr'>agmine</span> <span class='ocrx_word' id='word_1_70' title='bbox 909 1256 985 1319; x_wconf 80' lang='lat' dir='ltr'><strong>Vol.</strong></span> 
     </span>
     <span class='ocr_line' id='line_1_13' title="bbox 239 1354 981 1443; baseline 0.005 -4"><span class='ocrx_word' id='word_1_71' title='bbox 239 1354 324 1423; x_wconf 64' lang='lat' dir='ltr'><strong>scens·</strong></span> <span class='ocrx_word' id='word_1_72' title='bbox 761 1396 764 1401; x_wconf 95' lang='lat'>·</span> <span class='ocrx_word' id='word_1_73' title='bbox 922 1380 981 1443; x_wconf 76' lang='lat'><strong>³7⁵</strong></span> 
     </span>
    </p>

    <p class='ocr_par' dir='ltr' id='par_1_11' title="bbox 163 1445 976 1528">
     <span class='ocr_line' id='line_1_14' title="bbox 163 1445 976 1528; baseline -0.011 -14"><span class='ocrx_word' id='word_1_74' title='bbox 163 1452 247 1522; x_wconf 86' lang='lat' dir='ltr'><strong>State,</strong></span> <span class='ocrx_word' id='word_1_75' title='bbox 265 1449 334 1510; x_wconf 86' lang='lat' dir='ltr'><strong>viri:</strong></span> <span class='ocrx_word' id='word_1_76' title='bbox 354 1467 416 1528; x_wconf 83' lang='lat' dir='ltr'><strong>quae</strong></span> <span class='ocrx_word' id='word_1_77' title='bbox 428 1445 589 1506; x_wconf 80' lang='lat' dir='ltr'><strong>causaviae?</strong></span> <span class='ocrx_word' id='word_1_78' title='bbox 616 1447 700 1527; x_wconf 84' lang='lat' dir='ltr'><strong>quive</strong></span> <span class='ocrx_word' id='word_1_79' title='bbox 711 1449 770 1509; x_wconf 82' lang='lat' dir='ltr'><strong>elliu</strong></span> <span class='ocrx_word' id='word_1_80' title='bbox 781 1452 928 1517; x_wconf 64' lang='lat' dir='ltr'><strong>inarmis?</strong></span> <span class='ocrx_word' id='word_1_81' title='bbox 971 1494 976 1505; x_wconf 94' lang='lat'>.</span> 
     </span>
    </p>

    <p class='ocr_par' dir='ltr' id='par_1_12' title="bbox 162 1544 839 1631">
     <span class='ocr_line' id='line_1_15' title="bbox 162 1544 839 1631; baseline -0.003 -20"><span class='ocrx_word' id='word_1_82' title='bbox 162 1552 263 1631; x_wconf 78' lang='lat' dir='ltr'><strong>Qove</strong></span> <span class='ocrx_word' id='word_1_83' title='bbox 274 1549 371 1611; x_wconf 74' lang='lat' dir='ltr'><strong>tenetis</strong></span> <span class='ocrx_word' id='word_1_84' title='bbox 378 1548 451 1607; x_wconf 76' lang='lat' dir='ltr'><strong>iter?</strong></span> <span class='ocrx_word' id='word_1_85' title='bbox 470 1545 540 1604; x_wconf 87' lang='lat' dir='ltr'><strong>nihil</strong></span> <span class='ocrx_word' id='word_1_86' title='bbox 551 1544 592 1604; x_wconf 91' lang='lat' dir='ltr'><strong>illi</strong></span> <span class='ocrx_word' id='word_1_87' title='bbox 605 1545 716 1606; x_wconf 88' lang='lat' dir='ltr'><strong>tendere</strong></span> <span class='ocrx_word' id='word_1_88' title='bbox 723 1562 839 1609; x_wconf 84' lang='lat' dir='ltr'><strong>contra:</strong></span> 
     </span>
    </p>

    <p class='ocr_par' dir='ltr' id='par_1_13' title="bbox 160 1638 831 1723">
     <span class='ocr_line' id='line_1_16' title="bbox 160 1638 831 1723; baseline 0.003 -19"><span class='ocrx_word' id='word_1_89' title='bbox 160 1638 216 1708; x_wconf 73' lang='lat' dir='ltr'><strong>Sed</strong></span> <span class='ocrx_word' id='word_1_90' title='bbox 228 1648 344 1709; x_wconf 82' lang='lat' dir='ltr'><strong>celerare</strong></span> <span class='ocrx_word' id='word_1_91' title='bbox 362 1643 457 1723; x_wconf 79' lang='lat' dir='ltr'><strong>fugant</strong></span> <span class='ocrx_word' id='word_1_92' title='bbox 468 1643 498 1701; x_wconf 88' lang='lat' dir='ltr'><strong>in</strong></span> <span class='ocrx_word' id='word_1_93' title='bbox 507 1643 594 1714; x_wconf 81' lang='lat' dir='ltr'><strong>filma,</strong></span> <span class='ocrx_word' id='word_1_94' title='bbox 612 1643 831 1706; x_wconf 69' lang='lat' dir='ltr'><strong>mederemur.</strong></span> 
     </span>
    </p>

    <p class='ocr_par' dir='ltr' id='par_1_14' title="bbox 158 1744 739 1828">
     <span class='ocr_line' id='line_1_17' title="bbox 158 1744 739 1828; baseline -0.007 -17"><span class='ocrx_word' id='word_1_95' title='bbox 158 1751 305 1828; x_wconf 87' lang='lat' dir='ltr'><strong>Objiciunt</strong></span> <span class='ocrx_word' id='word_1_96' title='bbox 313 1750 417 1827; x_wconf 82' lang='lat' dir='ltr'><strong>equites</strong></span> <span class='ocrx_word' id='word_1_97' title='bbox 428 1744 481 1805; x_wconf 85' lang='lat' dir='ltr'><strong>sese</strong></span> <span class='ocrx_word' id='word_1_98' title='bbox 499 1745 534 1804; x_wconf 87' lang='lat' dir='ltr'><strong>ad</strong></span> <span class='ocrx_word' id='word_1_99' title='bbox 542 1745 661 1807; x_wconf 75' lang='lat' dir='ltr'><strong>divortia</strong></span> <span class='ocrx_word' id='word_1_100' title='bbox 672 1760 739 1808; x_wconf 78' lang='lat' dir='ltr'><strong>nota</strong></span> 
     </span>
    </p>

    <p class='ocr_par' dir='ltr' id='par_1_15' title="bbox 159 1842 978 1924">
     <span class='ocr_line' id='line_1_18' title="bbox 159 1842 978 1924; baseline 0 -17"><span class='ocrx_word' id='word_1_101' title='bbox 159 1848 238 1907; x_wconf 87' lang='lat' dir='ltr'><strong>Hinc</strong></span> <span class='ocrx_word' id='word_1_102' title='bbox 246 1845 410 1924; x_wconf 85' lang='lat' dir='ltr'><strong>atquehinc‚</strong></span> <span class='ocrx_word' id='word_1_103' title='bbox 420 1860 587 1919; x_wconf 88' lang='lat' dir='ltr'><strong>omnemque</strong></span> <span class='ocrx_word' id='word_1_104' title='bbox 597 1842 704 1903; x_wconf 91' lang='lat' dir='ltr'><strong>abimm</strong></span> <span class='ocrx_word' id='word_1_105' title='bbox 712 1842 821 1905; x_wconf 83' lang='lat' dir='ltr'><strong>custode</strong></span> <span class='ocrx_word' id='word_1_106' title='bbox 827 1863 978 1915; x_wconf 75' lang='lat' dir='ltr'><strong>coronant.</strong></span> 
     </span>
    </p>

    <p class='ocr_par' dir='ltr' id='par_1_16' title="bbox 159 1928 974 2027">
     <span class='ocr_line' id='line_1_19' title="bbox 159 1928 974 2027; baseline -0.004 -23"><span class='ocrx_word' id='word_1_107' title='bbox 159 1943 311 2013; x_wconf 80' lang='lat' dir='ltr'><strong>Silvaluit,</strong></span> <span class='ocrx_word' id='word_1_108' title='bbox 328 1938 484 2000; x_wconf 81' lang='lat' dir='ltr'><strong>latedumia</strong></span> <span class='ocrx_word' id='word_1_109' title='bbox 495 1938 649 2018; x_wconf 88' lang='lat' dir='ltr'><strong>atqueilice</strong></span> <span class='ocrx_word' id='word_1_110' title='bbox 660 1941 740 2021; x_wconf 79' lang='lat' dir='ltr'><strong>nigra</strong></span> <span class='ocrx_word' id='word_1_111' title='bbox 918 1928 974 2027; x_wconf 56' lang='lat'><strong>38⁸1</strong></span> 
     </span>
    </p>

    <p class='ocr_par' dir='ltr' id='par_1_17' title="bbox 159 2034 905 2118">
     <span class='ocr_line' id='line_1_20' title="bbox 159 2034 905 2118; baseline 0.008 -18"><span class='ocrx_word' id='word_1_112' title='bbox 159 2038 293 2108; x_wconf 83' lang='lat' dir='ltr'><strong>Horrida,</strong></span> <span class='ocrx_word' id='word_1_113' title='bbox 310 2057 394 2118; x_wconf 88' lang='lat' dir='ltr'><strong>quam</strong></span> <span class='ocrx_word' id='word_1_114' title='bbox 403 2034 477 2095; x_wconf 74' lang='lat' dir='ltr'><strong>deust</strong></span> <span class='ocrx_word' id='word_1_115' title='bbox 486 2035 656 2115; x_wconf 78' lang='lat' dir='ltr'><strong>complerant</strong></span> <span class='ocrx_word' id='word_1_116' title='bbox 666 2038 787 2118; x_wconf 88' lang='lat' dir='ltr'><strong>undique</strong></span> <span class='ocrx_word' id='word_1_117' title='bbox 796 2038 905 2105; x_wconf 76' lang='lat' dir='ltr'><strong>senten</strong></span> 
     </span>
    </p>

    <p class='ocr_par' dir='ltr' id='par_1_18' title="bbox 157 2131 763 2215">
     <span class='ocr_line' id='line_1_21' title="bbox 157 2131 763 2215; baseline 0 -19"><span class='ocrx_word' id='word_1_118' title='bbox 157 2137 234 2196; x_wconf 87' lang='lat' dir='ltr'><strong>Rara</strong></span> <span class='ocrx_word' id='word_1_119' title='bbox 242 2154 291 2215; x_wconf 90' lang='lat' dir='ltr'><strong>per</strong></span> <span class='ocrx_word' id='word_1_120' title='bbox 309 2133 431 2196; x_wconf 80' lang='lat' dir='ltr'><strong>occultos</strong></span> <span class='ocrx_word' id='word_1_121' title='bbox 437 2131 554 2193; x_wconf 84' lang='lat' dir='ltr'><strong>ducebat</strong></span> <span class='ocrx_word' id='word_1_122' title='bbox 564 2131 659 2193; x_wconf 85' lang='lat' dir='ltr'><strong>semita</strong></span> <span class='ocrx_word' id='word_1_123' title='bbox 669 2133 763 2196; x_wconf 77' lang='lat' dir='ltr'><strong>celles.</strong></span> 
     </span>
    </p>

    <p class='ocr_par' dir='ltr' id='par_1_19' title="bbox 156 2232 874 2314">
     <span class='ocr_line' id='line_1_22' title="bbox 156 2232 874 2314; baseline 0 -19"><span class='ocrx_word' id='word_1_124' title='bbox 156 2234 309 2313; x_wconf 83' lang='lat' dir='ltr'><strong>Euryalum</strong></span> <span class='ocrx_word' id='word_1_125' title='bbox 317 2232 436 2295; x_wconf 75' lang='lat' dir='ltr'><strong>tenebrae</strong></span> <span class='ocrx_word' id='word_1_126' title='bbox 445 2252 586 2293; x_wconf 88' lang='lat' dir='ltr'><strong>ramorum</strong></span> <span class='ocrx_word' id='word_1_127' title='bbox 603 2233 874 2314; x_wconf 80' lang='lat' dir='ltr'><strong>onerosaqueptteda</strong></span> 
     </span>
    </p>

    <p class='ocr_par' dir='ltr' id='par_1_20' title="bbox 155 2326 975 2421">
     <span class='ocr_line' id='line_1_23' title="bbox 155 2326 975 2421; baseline 0 -34"><span class='ocrx_word' id='word_1_128' title='bbox 155 2327 325 2407; x_wconf 85' lang='lat' dir='ltr'><strong>Impediunt,</strong></span> <span class='ocrx_word' id='word_1_129' title='bbox 343 2326 468 2406; x_wconf 85' lang='lat' dir='ltr'><strong>fallitque</strong></span> <span class='ocrx_word' id='word_1_130' title='bbox 476 2326 559 2385; x_wconf 89' lang='lat' dir='ltr'><strong>timor</strong></span> <span class='ocrx_word' id='word_1_131' title='bbox 570 2326 683 2405; x_wconf 83' lang='lat' dir='ltr'><strong>regione</strong></span> <span class='ocrx_word' id='word_1_132' title='bbox 694 2328 812 2387; x_wconf 84' lang='lat' dir='ltr'><strong>viarum.</strong></span> <span class='ocrx_word' id='word_1_133' title='bbox 917 2340 975 2421; x_wconf 71' lang='lat'><strong>385</strong></span> 
     </span>
    </p>

    <p class='ocr_par' dir='ltr' id='par_1_21' title="bbox 155 2421 866 2503">
     <span class='ocr_line' id='line_1_24' title="bbox 155 2421 866 2503; baseline -0.003 -18"><span class='ocrx_word' id='word_1_134' title='bbox 155 2423 240 2485; x_wconf 82' lang='lat' dir='ltr'><strong>Nisus</strong></span> <span class='ocrx_word' id='word_1_135' title='bbox 249 2424 328 2492; x_wconf 86' lang='lat' dir='ltr'><strong>abit;</strong></span> <span class='ocrx_word' id='word_1_136' title='bbox 341 2423 455 2503; x_wconf 82' lang='lat' dir='ltr'><strong>jamque</strong></span> <span class='ocrx_word' id='word_1_137' title='bbox 466 2422 624 2501; x_wconf 79' lang='lat' dir='ltr'><strong>imprudens</strong></span> <span class='ocrx_word' id='word_1_138' title='bbox 635 2421 755 2484; x_wconf 78' lang='lat' dir='ltr'><strong>evaserat</strong></span> <span class='ocrx_word' id='word_1_139' title='bbox 765 2424 866 2499; x_wconf 70' lang='lat' dir='ltr'><strong>hoster,</strong></span> 
     </span>
    </p>

    <p class='ocr_par' dir='ltr' id='par_1_22' title="bbox 154 2518 873 2603">
     <span class='ocr_line' id='line_1_25' title="bbox 154 2518 873 2603; baseline -0.003 -20"><span class='ocrx_word' id='word_1_140' title='bbox 154 2526 251 2603; x_wconf 87' lang='lat' dir='ltr'><strong>Atque</strong></span> <span class='ocrx_word' id='word_1_141' title='bbox 261 2522 345 2590; x_wconf 80' lang='lat' dir='ltr'><strong>laeua,</strong></span> <span class='ocrx_word' id='word_1_142' title='bbox 363 2521 413 2600; x_wconf 89' lang='lat' dir='ltr'><strong>qui</strong></span> <span class='ocrx_word' id='word_1_143' title='bbox 425 2520 494 2599; x_wconf 89' lang='lat' dir='ltr'><strong>post,</strong></span> <span class='ocrx_word' id='word_1_144' title='bbox 516 2518 597 2579; x_wconf 87' lang='lat' dir='ltr'><strong>Albae</strong></span> <span class='ocrx_word' id='word_1_145' title='bbox 614 2519 651 2579; x_wconf 86' lang='lat' dir='ltr'><strong>de</strong></span> <span class='ocrx_word' id='word_1_146' title='bbox 663 2521 785 2590; x_wconf 90' lang='lat' dir='ltr'><strong>nomine,</strong></span> <span class='ocrx_word' id='word_1_147' title='bbox 803 2520 873 2585; x_wconf 76' lang='lat' dir='ltr'><strong>dieli</strong></span> 
     </span>
    </p>

    <p class='ocr_par' dir='ltr' id='par_1_23' title="bbox 150 2613 843 2679">
     <span class='ocr_line' id='line_1_26' title="bbox 150 2613 843 2679; baseline 0 -1"><span class='ocrx_word' id='word_1_148' title='bbox 150 2617 268 2678; x_wconf 80' lang='lat' dir='ltr'><strong>Albani:</strong></span> <span class='ocrx_word' id='word_1_149' title='bbox 287 2629 347 2675; x_wconf 93' lang='lat' dir='ltr'><strong>tum</strong></span> <span class='ocrx_word' id='word_1_150' title='bbox 354 2633 403 2674; x_wconf 86' lang='lat' dir='ltr'><strong>rex</strong></span> <span class='ocrx_word' id='word_1_151' title='bbox 414 2613 516 2673; x_wconf 85' lang='lat' dir='ltr'><strong>stabula</strong></span> <span class='ocrx_word' id='word_1_152' title='bbox 524 2613 578 2673; x_wconf 83' lang='lat' dir='ltr'><strong>alta</strong></span> <span class='ocrx_word' id='word_1_153' title='bbox 589 2614 703 2675; x_wconf 72' lang='lat' dir='ltr'><strong>Latinus</strong></span> <span class='ocrx_word' id='word_1_154' title='bbox 711 2613 843 2679; x_wconf 79' lang='lat' dir='ltr'><strong>habebat.</strong></span> 
     </span>
    </p>

    <p class='ocr_par' dir='ltr' id='par_1_24' title="bbox 151 2711 872 2791">
     <span class='ocr_line' id='line_1_27' title="bbox 151 2711 872 2791; baseline 0.004 -17"><span class='ocrx_word' id='word_1_155' title='bbox 151 2716 196 2775; x_wconf 90' lang='lat' dir='ltr'><strong>Ut</strong></span> <span class='ocrx_word' id='word_1_156' title='bbox 206 2714 287 2784; x_wconf 85' lang='lat' dir='ltr'><strong>stetit,</strong></span> <span class='ocrx_word' id='word_1_157' title='bbox 305 2718 332 2774; x_wconf 73' lang='grc' dir='ltr'><strong>δι</strong></span> <span class='ocrx_word' id='word_1_158' title='bbox 340 2711 436 2772; x_wconf 76' lang='lat' dir='ltr'><strong>frustra</strong></span> <span class='ocrx_word' id='word_1_159' title='bbox 447 2711 583 2773; x_wconf 84' lang='lat' dir='ltr'><strong>absentem</strong></span> <span class='ocrx_word' id='word_1_160' title='bbox 593 2712 709 2791; x_wconf 86' lang='lat' dir='ltr'><strong>respexit</strong></span> <span class='ocrx_word' id='word_1_161' title='bbox 726 2712 872 2777; x_wconf 77' lang='lat' dir='ltr'><strong>amicum:</strong></span> 
     </span>
    </p>

    <p class='ocr_par' dir='ltr' id='par_1_25' title="bbox 150 2796 973 2895">
     <span class='ocr_line' id='line_1_28' title="bbox 150 2796 973 2895; baseline -0.001 -27"><span class='ocrx_word' id='word_1_162' title='bbox 150 2809 280 2886; x_wconf 87' lang='lat' dir='ltr'><strong>Euryale,</strong></span> <span class='ocrx_word' id='word_1_163' title='bbox 290 2807 387 2868; x_wconf 84' lang='lat' dir='ltr'><strong>infelix</strong></span> <span class='ocrx_word' id='word_1_164' title='bbox 405 2807 621 2886; x_wconf 82' lang='lat' dir='ltr'><strong>quateregione</strong></span> <span class='ocrx_word' id='word_1_165' title='bbox 629 2796 750 2886; x_wconf 78' lang='lat' dir='ltr'><strong>reliqui&#39;?</strong></span> <span class='ocrx_word' id='word_1_166' title='bbox 912 2830 973 2895; x_wconf 76' lang='lat'><strong>³9·</strong></span> 
     </span>
    </p>

    <p class='ocr_par' dir='ltr' id='par_1_26' title="bbox 151 2896 973 3059">
     <span class='ocr_line' id='line_1_29' title="bbox 151 2896 973 2986; baseline 0.007 -23"><span class='ocrx_word' id='word_1_167' title='bbox 151 2906 249 2986; x_wconf 79' lang='lat' dir='ltr'><strong>Qave</strong></span> <span class='ocrx_word' id='word_1_168' title='bbox 269 2903 386 2985; x_wconf 79' lang='lat' dir='ltr'><strong>sequar?</strong></span> <span class='ocrx_word' id='word_1_169' title='bbox 416 2904 504 2967; x_wconf 78' lang='lat' dir='ltr'><strong>rursus</strong></span> <span class='ocrx_word' id='word_1_170' title='bbox 516 2905 677 2986; x_wconf 85' lang='lat' dir='ltr'><strong>perplexum</strong></span> <span class='ocrx_word' id='word_1_171' title='bbox 696 2902 750 2967; x_wconf 88' lang='lat' dir='ltr'><strong>iter</strong></span> <span class='ocrx_word' id='word_1_172' title='bbox 768 2922 855 2969; x_wconf 81' lang='lat' dir='ltr'><strong>omne</strong></span> <span class='ocrx_word' id='word_1_173' title='bbox 876 2896 973 2975; x_wconf 63' lang='lat' dir='ltr'><strong>revolss</strong></span> 
     </span>
     <span class='ocr_line' id='line_1_30' title="bbox 228 3015 960 3059; baseline 0 0"><span class='ocrx_word' id='word_1_174' title='bbox 228 3015 295 3059; x_wconf 75' lang='lat' dir='ltr'><strong>tene</strong></span> <span class='ocrx_word' id='word_1_175' title='bbox 450 3018 452 3023; x_wconf 58' lang='lat'><strong>⁴</strong></span> <span class='ocrx_word' id='word_1_176' title='bbox 957 3034 960 3039; x_wconf 95' lang='lat'>·</span> 
     </span>
    </p>
   </div>
   <div class='ocr_carea' id='block_1_5' title="bbox 0 0 1028 3488">
    <p class='ocr_par' dir='ltr' id='par_1_27' title="bbox 0 0 1028 3488">
     <span class='ocr_line' id='line_1_31' title="bbox 0 0 1028 3488; baseline 0 4"><span class='ocrx_word' id='word_1_177' title='bbox 0 0 1028 3488; x_wconf 95' lang='lat' dir='ltr'><strong> </strong></span> 
     </span>
    </p>
   </div>
  </div>
 </body>
</html>
