2048 3488
195 163 198 166 ·
232 108 627 220 AEmmosm'm
652 132 732 213 ΧῙΙ.
799 160 869 244 243

53 281 88 346 bi
100 283 210 366 quando
220 283 324 341 lethum
334 278 491 337 horrificum
505 274 667 354 morbosque
680 277 763 336 deum
775 292 825 339 rex
860 274 863 279 ’

58 380 188 449 Medium,
207 375 315 434 meritas
325 385 373 431 aut
384 370 457 430 bello
467 368 571 427 territat
583 369 671 427 urbes.

28 517 31 521 ‹
58 477 170 536 Harum
179 491 262 532 unum
270 468 386 530 celerem
399 465 509 526 demifit
521 465 556 524 ab
568 465 667 524 aetbere
678 465 786 526 summo

58 575 175 652 Jupiter,
194 557 369 651 inqueomen
380 565 503 646 Juturnae
515 565 745 642 occurrerejussit.

57 669 204 751 Illalvolat,
223 667 360 745 celerique
372 663 407 722 ad
419 678 517 724 terram
530 660 638 720 turbine
651 661 754 722 fertur:
813 664 870 749 ⁸53

56 768 127 828 Nun
138 767 211 828 secun
221 786 253 826 ac
266 783 351 825 nervo
360 783 409 842 per
417 761 516 821 nubem
528 757 644 838 impulsa
657 759 762 840 sagitta,

58 865 203 924 Armatam
216 862 280 922 saevi
293 860 406 920 Parthus
420 878 504 938 quam
513 856 577 916 felle
589 859 698 926 veneni,

56 962 179 1031 Parthus,
198 962 253 1020 sne
266 959 376 1039 Cydon,
396 957 480 1017 telum
493 955 695 1017 immedicabile
707 956 792 1029 torfit,

59 1056 190 1128 Stridens,
211 1063 236 1116 δι
249 1056 349 1117 celeres
360 1054 501 1136 incognita
509 1053 622 1114 tranfilit
634 1055 754 1124 umbras.

51 1155 137 1215 ‘Talis
149 1155 176 1214 se
187 1153 242 1214 sata
254 1155 346 1214 Nodie
358 1154 429 1222 tulit,
445 1152 580 1231 terrasque
589 1154 696 1232 petivit.
814 1156 872 1220 86⁶

56 1250 202 1329 Postquam
212 1251 282 1309 acies
295 1248 370 1309 videt
381 1250 477 1307 Iliacas
496 1261 579 1327 atque
589 1250 700 1326 agmina
711 1245 812 1325 Turni,

53 1344 142 1406 unitis
154 1345 185 1404 in
196 1364 286 1423 parvae
298 1342 414 1402 subitam
427 1341 540 1401 colludia
549 1340 676 1418 figuram,

57 1447 139 1525 Quae,
158 1442 299 1522 quondam
308 1441 338 1500 in
346 1441 427 1501 bustis
439 1454 485 1500 aut
497 1437 662 1499 culminibus
673 1439 783 1503 desertis

57 1541 151 1601 Nodie
162 1538 263 1608 sedens,
283 1536 371 1597 serum
381 1537 456 1596 canit
466 1531 623 1615 impo'rtuna
633 1555 683 1615 per
695 1538 818 1600 umbras:
856 1587 858 1591 >

58 1642 143 1702 Hanc
155 1638 230 1701 versa
242 1640 272 1699 in
284 1639 392 1707 faciem,
412 1637 503 1698 Turni
515 1635 541 1696 se
553 1637 631 1715 pestis
643 1637 680 1698 ob
693 1652 742 1700 ora
811 1638 869 1723 865

56 1739 176 1815 Fertque
183 1735 432 1815 refertquesonans,
454 1734 637 1815 clypeumque
646 1736 850 1800 everberatulin.

56 1824 104 1894 Illi
113 1835 236 1896 membra
248 1855 334 1894 novus
346 1834 426 1894 solvit
435 1828 582 1894 formidine
591 1848 704 1914 tomum

57 1935 233 2012 Amediaeque
241 1932 353 1993 horrore
364 1952 459 2020 cumn,
480 1930 792 1992 &voxfaucibushaefit.

60 2033 110 2102 At,
123 2033 218 2111 procul
229 2048 258 2093 ut
272 2031 348 2092 Dirae
359 2032 498 2092 stridorem
510 2033 625 2112 agnovit
635 2038 661 2092 ἃ
672 2032 738 2105 aius,

59 2130 161 2192 Infelix
170 2131 257 2191 crines
266 2130 362 2191 scindit
373 2134 489 2209 Juturna
499 2130 611 2200 solutos,
815 2132 873 2212 87⁵

58 2226 207 2307 Unguibus
217 2248 264 2287 ora
273 2227 347 2287 soror
358 2225 471 2296 foedans,
492 2231 517 2285 δι
524 2224 634 2305 pedona
641 2228 740 2310 pugnis
752 2253 759 2290 :

60 2324 138 2398 Quid
148 2345 221 2385 nunc
233 2340 259 2387 te
270 2340 326 2394 tua,
345 2326 452 2395 Turne,
471 2324 557 2404 potest
569 2329 823 2408 germanajuvare?

60 2423 120 2482 Aut
131 2422 199 2503 quid
206 2425 266 2503 jam
278 2423 380 2482 miserae
388 2422 491 2502 superat
503 2424 592 2483 mihi?
612 2445 667 2504 qua
678 2427 729 2487 tibi
740 2429 832 2491 lucen

59 2523 129 2581 Arte
137 2527 245 2593 morer?
265 2520 345 2581 talin’¹
354 2520 458 2601 possum
470 2542 515 2581 me
528 2542 667 2602 opponere
680 2526 820 2588 monstro?

59 2619 123 2695 Jam
132 2618 192 2694 jam
204 2618 300 2697 linquo
313 2619 393 2678 acies.
415 2639 449 2678 ne
462 2638 506 2678 me
519 2634 616 2680 terrete
628 2621 781 2693 timentem,
813 2629 870 2706 873

59 2711 204 2774 Obscoenae
218 2715 359 2774 volucres:
378 2716 483 2774 alarum
496 2716 607 2776 verbera
620 2717 714 2788 nosco,

60 2807 257 2888 Lethalemque
267 2809 362 2870 sonum
375 2836 384 2878 ;
402 2810 757 2895 necfalluntjuffasuperba

59 2901 234 2979 Magnanimi
243 2905 329 2982 Jovis.
349 2906 407 2965 haec
416 2927 467 2985 pro
480 2906 636 2986 virginitate
646 2911 775 2989 reponit?

56 2999 223 3086 *Quovitam
240 3002 315 3065 dedit
328 3011 474 3066 aetemauu?
494 3025 542 3066 cur
552 3006 647 3068 mortis
654 3006 763 3071 ademta
773 3008 812 3067 est

374 3125 376 3133 ’
799 3104 884 3160 Qum·
