2048 3488
150 184 220 246 220
284 159 573 235 nvrnoran
592 153 818 234 Mnnorrs

147 303 212 364 Nec
221 296 290 359 mihi
301 315 385 377 regna
397 309 471 376 peto.
492 293 603 374 paribus
615 293 643 353 sc
653 291 759 373 legibus
769 295 858 358 ambae
911 312 968 378 ¹9⁰

149 397 262 459 Invida
270 407 363 474 gentes
375 407 475 453 aterna
486 391 515 450 in
527 389 632 450 foedera
643 390 762 450 mittant.

151 498 233 556 Sacra
251 491 370 571 deosque
387 490 477 551 dabo:
498 487 573 550 socer
581 508 658 548 arma
669 489 783 549 Latinus
793 490 905 563 habeto,

153 586 304 668 Imperium
317 584 426 644 solenne
440 583 531 643 socer:
551 581 620 640 mihi
632 580 735 641 moenia
747 583 851 646 Teucri
969 656 974 665 Ο

156 683 338 749 Constituent,
358 678 474 757 urbique
485 675 562 741 dabit
571 675 687 734 Lavinia
699 696 811 738 nomen.

196 780 242 839 Sic
254 778 331 856 prior
343 777 463 840 AEneas:
483 772 602 851 sequitur
613 771 649 831 fic
658 771 760 859 deinde
771 775 895 848 Latinus,
913 796 968 861 195

158 872 432 954 Suspiciemcoelum‚
454 866 641 951 tenditque-ad
653 866 738 927 sidera
748 868 889 934 dextram:

158 973 229 1032 Haec
241 959 350 1042 eadem}
367 971 466 1036 AEnea,
480 982 589 1035 terram,
602 986 688 1036 mare,
706 967 800 1039 fidera,
819 970 896 1048 juro,

161 1065 329 1140 Latonaeque
340 1081 426 1141 genus
438 1058 550 1138 duplex,
569 1059 723 1137 Janumque
734 1059 894 1135 bifrontem,

161 1161 284 1239 Vimque
295 1157 377 1218 deum
390 1158 536 1225 infernam,
555 1160 580 1214 δι
592 1155 655 1214 duri
667 1154 780 1217 sacraria
790 1160 883 1220 Ditis:

164 1240 268 1319 Audiat
280 1260 339 1317 haec
352 1257 470 1338 genitor,
489 1256 537 1336 qui
550 1253 654 1315 foedera
667 1253 781 1316 fulmine
793 1257 896 1320 sancit:
917 1279 977 1325 200

163 1359 266 1437 Tango
277 1376 336 1417 arar
346 1379 360 1437 ;,
375 1355 532 1436 mediosque
544 1354 620 1435 ignes
639 1358 665 1412 δι
677 1357 790 1416 numina
801 1359 900 1423 testor:
969 1348 974 1355 ’

164 1447 255 1512 Nulla
263 1453 320 1513 dies
327 1473 424 1532 pacem
436 1453 506 1520 hanc
515 1450 591 1516 Italis
604 1469 654 1509 nec
665 1448 767 1516 soedera
777 1469 896 1533 rumpet,

166 1551 232 1629 Quo
243 1572 286 1613 res
295 1572 402 1631 cunque
414 1551 526 1611 cadent:
546 1568 597 1609 nec
609 1568 653 1613 me
661 1547 703 1608 vis
716 1549 771 1617 ulla
779 1552 918 1614 volentem

169 1651 305 1718 Auertet3
324 1669 390 1720 non,
403 1649 423 1708 si
436 1648 558 1716 tellurem
568 1644 690 1713 effundat
700 1647 729 1705 in
740 1647 826 1715 undas

168 1742 415 1813 Diluviomiscens,
432 1732 755 1819 coelumqueinTartara
765 1741 868 1811 solvat:
920 1767 979 1826 τος

168 1834 211 1895 Ut
220 1834 353 1915 sceptrum
367 1835 430 1905 hoc,
442 1834 536 1892 dextra
547 1833 680 1911 sceptrum
692 1854 757 1893 nam
768 1835 840 1898 sorte
846 1842 970 1923 gerebat,

168 1929 322 2008 Nunquam
334 1926 432 1987 fronde
443 1927 497 1986 levi
507 1924 603 1986 fundet
613 1927 731 2011 uirgulta
744 1948 836 2009 neque
847 1935 970 2008 umbras,

132 2095 135 2102 μ
171 2020 244 2079 Cum
255 2018 336 2088 semel
348 2019 377 2088 in
386 2019 458 2084 srlurs
471 2018 528 2086 imo
537 2016 571 2076 de
584 2018 663 2098 stirpe
671 2019 786 2080 recisum
970 2011 973 2015 ’

172 2118 265 2186 Matre
273 2130 354 2185 caret,
374 2115 520 2201 posuitque
533 2116 785 2183 comas&brachia
795 2120 885 2187 ferro:
922 2094 933 2120 ³
974 2150 977 2157 ·

173 2209 252 2269 Olim
263 2209 352 2278 arbos,
373 2229 446 2268 nunc
458 2208 567 2278 artificis
576 2229 672 2277 manus
684 2231 736 2271 aere
745 2212 846 2281 decoro
926 2230 985 2289 Ικιο

173 2303 294 2374 Inclulit,
313 2304 486 2384 patribusque
498 2304 574 2364 dedit
585 2307 686 2385 gestare
699 2309 814 2378 Latinis,

174 2399 291 2459 Talibus
300 2400 369 2460 inter
380 2399 406 2459 se
420 2400 564 2459 firmabant
575 2390 677 2469 foedera
686 2403 773 2473 dislis,

176 2488 330 2567 Conspesiu
342 2490 371 2548 in
384 2489 476 2549 medio
489 2510 640 2568 procerum.
661 2509 720 2553 tum
733 2496 784 2555 rite
797 2496 911 2566 sacratas

176 2587 212 2656 In
223 2585 360 2651 flammam
371 2588 497 2668 jugulant
508 2589 632 2668 pecudes,
652 2591 786 2660 &viscera
795 2597 867 2659 vivia

176 2682 314 2764 Eripiunt,
333 2683 527 2770 cumulantque
536 2686 651 2751 oneratis
660 2686 782 2749 lancibus
792 2712 859 2754 arar.
888 2708 891 2713 “
930 2719 988 2788 ²¹5

216 2783 257 2841 At
268 2801 334 2841 vero
345 2782 453 2841 Rutulis
465 2783 555 2864 impar
566 2805 598 2850 ea
609 2807 702 2866 pugna
714 2788 801 2849 videri

179 2874 355 2954 Jamdudurn,
374 2881 400 2935 δι
408 2877 484 2935 vario
492 2878 597 2938 misceri
610 2885 719 2959 pedora
729 2899 825 2944 motu:

179 2969 257 3039 Turn
269 2969 367 3059 magis,
385 2985 416 3030 ut
427 2973 539 3055 propius
549 2992 662 3040 cernunt
671 2980 838 3042 nonviribus
847 2987 944 3063 aequia
1005 3014 1013 3021 ·

851 3081 986 3162 Adjuvat·
