2048 3488
135 136 230 207 aass
300 126 841 206 P.V1aornrrMnnouts

38 242 41 247 .
154 260 264 322 Detulit
279 280 287 318 ε
306 261 361 319 hoc
372 259 464 319 susum
477 259 561 320 labris
572 259 776 339 splendentibus
788 279 898 322 amnem

150 357 254 426 Inficit,
273 356 381 416 occulte
393 355 531 416 medicans
542 381 551 424 ;
571 355 727 436 spargitque
739 356 856 418 salubres

151 454 303 515 Ambrosie
312 454 416 523 succos,
435 454 640 514 &odoriferam
653 474 813 533 panaceam.

151 548 506 629 Foviteavolnuslympha
517 551 659 628 longaevus
671 549 755 628 Iapis,
911 551 972 629 420

149 647 284 726 Ignorans
292 670 302 713 ;
321 644 463 725 subitoque
473 647 563 705 omnia
573 644 608 703 de
619 663 734 722 corpore
747 645 820 724 sugit

151 740 264 819 Quippe
274 737 364 807 dolor,
384 740 475 798 omnis
484 740 554 798 stetit
567 739 625 797 imo
636 737 749 798 volnere
761 738 883 817 sanguis.

151 832 270 911 Jamque
281 832 372 891 secuta
385 852 507 902 manum,
526 832 604 892 nullo
617 847 743 911 cogente,
761 832 859 912 sagitta

149 927 267 995 Excidit,
287 940 370 1004 atque
380 945 461 986 uovae
473 925 576 984 rediere
589 926 618 983 in
627 925 744 1004 pristina
753 927 836 985 uires.

152 1023 241 1080 Arma
252 1022 299 1080 citi
311 1035 455 1101 properate
465 1023 549 1080 viro:
568 1021 636 1100 quid
647 1021 739 1109 statisi
760 1021 834 1101 Iapis
906 1037 965 1101 425

153 1121 326 1197 Conclamat,
345 1121 508 1200 primusque
514 1122 621 1180 animos
633 1120 760 1182 accendit
770 1122 802 1180 in
813 1121 909 1182 hostes.

152 1215 222 1276 Non
233 1219 291 1276 haec
304 1218 429 1277 humanis
443 1217 551 1296 opibus,
569 1196 629 1275 noti
638 1231 696 1277 arte
709 1217 845 1298 magistra,

152 1315 335 1387 Broveniunt3
358 1335 448 1393 neque
456 1329 493 1383 te,
513 1316 612 1383 AEnea,
631 1334 693 1374 mea
706 1313 816 1374 dextera
826 1314 936 1374 servat:

152 1414 249 1491 Major
257 1415 321 1493 agit
334 1412 412 1483 deus,
435 1427 517 1491 atque
531 1432 614 1492 opera
626 1411 662 1471 ad
674 1414 780 1492 majora
792 1413 917 1472 remittit.

151 1509 206 1568 111e
217 1512 312 1570 avidus
323 1530 423 1590 pugnae
442 1508 513 1568 suras
525 1509 668 1568 incluserat
681 1529 749 1570 auro
909 1530 971 1588 430

152 1606 230 1666 Hinc
239 1620 320 1684 atque
328 1604 403 1673 hinc,
422 1603 536 1681 oditque
545 1623 646 1673 moras,
664 1604 820 1684 hastamque
829 1602 968 1664 coruscat.

150 1704 296 1781 Postquam
308 1700 405 1778 habilis
413 1701 491 1759 lateri
504 1701 627 1778 clypeus,
647 1699 788 1780 loricaque
802 1715 890 1782 tergo,
910 1703 960 1770 est,

151 1797 300 1859 Ascanium
312 1795 376 1854 susu
388 1795 491 1854 circum
503 1795 692 1872 complectitur
700 1797 792 1866 munis,

152 1898 321 1974 Summaque
329 1912 379 1970 per
390 1894 497 1972 galeam
505 1890 630 1952 delibans
640 1892 731 1954 oscula
741 1896 832 1956 satur:

114 1990 116 1995 ’
151 1993 243 2062 Disce,
255 2011 332 2070 puer,
344 1992 473 2050 virtutem
482 2010 516 2050 ex
523 2011 568 2050 me
576 2012 728 2071 verumque
737 1993 861 2066 lahorem
872 2018 881 2061 t
903 2012 941 2072 43
947 2014 964 2072 5

151 2093 303 2151 Fortunam
315 2108 349 2146 ex
361 2089 430 2148 aliis.
451 2109 524 2148 nunc
537 2103 563 2148 te
576 2110 638 2150 rnea
649 2089 762 2151 dextera
775 2070 849 2150 bello

151 2188 302 2249 Defensnm
314 2186 398 2257 dabit,
417 2193 443 2248 δι
455 2207 556 2268 magna
566 2189 638 2248 inter
649 2191 762 2268 praemia
773 2188 864 2249 ducet.

151 2284 200 2343 Tu
210 2277 304 2352 facito,
324 2301 390 2341 rnox
403 2302 467 2341 cum
481 2298 588 2343 matura
597 2284 750 2345 adoleverit
762 2299 836 2352 atas,

152 2378 193 2438 Sis
201 2396 307 2435 memor
314 2401 323 2444 ;
336 2382 361 2434 δι
372 2390 408 2445 te,
422 2378 515 2436 animo
525 2392 695 2463 repetentem
707 2377 834 2457 exempla
846 2389 970 2449 tuorum,

150 2471 187 2528 Et
196 2470 392 2548 paterAEueas,
411 2469 594 2528 &avunculus
604 2471 702 2530 excitet
716 2471 830 2530 Hettor.
908 2468 970 2549 440

82 2564 90 2572 “
189 2569 259 2626 Haec
271 2566 318 2625 ubi
331 2564 404 2626 diua
415 2565 499 2635 dedit,
518 2567 603 2644 portis
615 2567 668 2628 sese
675 2568 772 2628 extulit
782 2569 888 2648 ingens,

148 2666 252 2725 Telum
264 2666 385 2724 immane
403 2685 486 2723 manu
505 2665 647 2742 quatiens:
667 2665 746 2725 timul
760 2667 871 2746 agmine
881 2663 968 2726 denso

151 2759 328 2837 Antheusque
339 2760 549 2840 Mnestheusque
562 2777 660 2830 ruunt3
683 2761 825 2842 omnisque
834 2763 935 2823 relistis

149 2861 247 2921 Turba
256 2858 315 2924 nuit
328 2859 427 2939 castris.
446 2873 507 2918 tum
519 2879 593 2919 caeco
606 2855 718 2940 puluere
727 2880 840 2939 campus
914 2868 919 2877 ’

148 2952 290 3022 Miscetur,
310 2951 442 3031 pulsuque
455 2951 557 3031 pedum
572 2954 665 3015 tremit
677 2954 768 3014 excita
779 2952 868 3015 tellus.
909 2973 968 3033 445

890 3053 974 3113 Vidit
