2048 3488
223 167 460 251 AEnnrnos
484 161 721 238 LraaniX.
799 191 885 263 ¹²9·

51 301 353 387 Verbotumquefidea.
373 312 564 376 contraquem
572 297 722 358 taliasatur
810 305 867 364 280

9 443 13 456 .
53 399 204 480 Euryalus-2
227 418 273 457 me
282 397 358 456 nulla
369 395 426 455 dies
440 409 496 454 tarn
508 393 625 453 sortibus
634 396 703 454 ausis
749 433 752 439 ·

52 499 216 560 Dissimilem
227 496 364 576 arguerit:
384 509 506 553 tautum:
519 493 631 552 fortuna
641 491 758 555 secunda

54 597 115 656 Aut
127 593 238 656 adversa
246 593 334 653 cadat.
363 589 408 650 sed
417 604 445 649 te
454 588 636 669 superomnia
647 589 721 651 dona

52 691 152 750 Unum
162 710 213 751 oro
227 711 235 748 ε
255 687 379 769 genetrix
389 687 491 747 Priami
503 684 628 765 degente
638 688 741 751 vetusta

53 790 101 850 Est
112 789 193 859 mihi,
210 805 293 868 quam
304 783 429 844 miseram
441 783 528 842 tenuit
540 801 596 842 non
608 784 661 843 ilia
671 785 753 844 tellus
811 792 847 848 28
851 807 866 868 ς

53 887 170 947 Mecum
177 880 364 949 excedentem,
382 898 439 938 non
448 879 551 937 moenia
562 878 752 958 regisAcestae.
800 920 805 929 ·

52 979 138 1040 Hanc
149 995 203 1057 ego
212 993 285 1034 nunc
295 975 418 1054 ignaram
427 973 506 1051 hujus
516 973 699 1054 quodcunque
710 973 808 1053 pericli
818 975 856 1035 ess

55 1081 147 1156 Inque
158 1073 308 1142 salutatam,
317 1071 434 1152 linqu03
453 1090 522 1139 nox,
532 1077 558 1130 δι
567 1085 614 1130 tua
622 1073 694 1132 testis

56 1175 189 1240 Dextera,
208 1167 282 1250 quod
302 1187 436 1248 nequeam
446 1166 580 1245 lacrymas
588 1167 707 1247 perferre
719 1169 838 1249 parentis

55 1269 98 1328 At
109 1281 149 1337 tu,
168 1255 229 1337 or'o,
247 1263 333 1324 solare
341 1262 463 1341 inopem,
481 1267 507 1320 δι
520 1259 643 1320 succurre
652 1262 759 1325 renue.
812 1283 870 1346 ²90

58 1367 143 1426 Hane
155 1364 210 1449 fine
219 1382 264 1423 me
274 1360 350 1442 spem
361 1361 433 1420 ferre
442 1359 498 1418 tui:
516 1357 657 1418 audentior
666 1360 714 1420 uim

60 1466 96 1526 In
108 1454 182 1526 casua
194 1481 299 1523 omnes.
322 1459 441 1538 percussa
453 1473 544 1519 mente
556 1457 689 1536 dederunt

57 1558 225 1625 Dardanide
237 1558 369 1636 lacrymas
381 1576 388 1613 :
407 1570 469 1614 ante
478 1574 573 1625 omnes
585 1555 696 1634 pulcher
705 1556 796 1628 Iiiluer

50 1648 154 1738 'Atque
167 1656 289 1717 animum
301 1654 395 1733 patria
409 1652 512 1712 strinxit
523 1652 629 1732 pietatis
638 1653 739 1736 imago.

58 1751 315 1829 Tumsrceffaturt
816 1772 870 1836 295

59 1849 188 1931 Spondeo
197 1848 282 1930 digna
290 1846 344 1908 tuis
363 1844 517 1926 ingentibus
527 1846 621 1906 omnia
630 1847 736 1927 ceptis.

60 1948 193 2026 Namque
201 1947 253 2008 erit
261 1946 310 2007 isti
325 1945 393 2006 mihi
405 1944 538 2027 genetrix,
557 1964 713 2025 nomenque
726 1946 834 2010 eretisae

63 2045 161 2108 Solum
171 2043 308 2113 defuerim
333 2064 384 2105 nec
395 2059 503 2124 partum
516 2044 604 2123 gratia
614 2043 697 2104 talem

64 2145 152 2204 Parva
163 2154 273 2210 manem
290 2139 365 2202 casus
377 2141 479 2201 rmum
492 2142 650 2221 quicunque
661 2141 814 2222 sequentur.

63 2242 205 2319 Percaput
216 2239 352 2317 hocjuro,
371 2237 505 2319 perquod
518 2251 595 2316 pater
603 2252 666 2298 ante
676 2237 796 2299 solebat:
818 2259 874 2320 3oo

64 2339 137 2416 Quae
150 2336 200 2398 tibi
209 2336 343 2416 polliceor
355 2335 458 2406 reduci,
476 2335 608 2415 rebusque
619 2335 750 2405 secundis,

64 2431 137 2492 Haec
146 2430 242 2491 eadem
253 2428 388 2509 matrique
399 2443 452 2491 tuae
469 2429 618 2510 generique
629 2427 787 2491 manebunt

66 2527 111 2589 Sit
121 2528 160 2588 ait
167 2528 356 2608 illacrymant:
378 2529 492 2589 humero
505 2528 584 2588 simul
594 2527 768 2589 exuitensem

66 2626 215 2694 Auratum,
234 2624 306 2684 mira
317 2645 402 2704 quem
411 2627 512 2687 fecerat
520 2640 577 2686 arte
589 2627 704 2706 Lycaon

66 2719 206 2788 Gnosius,
217 2732 301 2797 atque
309 2717 427 2778 habilem
439 2719 540 2801 vagina
551 2735 657 2800 aptarat
668 2721 781 2781 eburna.
823 2740 877 2802 305

68 2819 130 2880 Dat
138 2815 211 2877 Niso
219 2815 376 2876 Mnestheus
386 2816 486 2895 pellem
497 2817 684 2898 horrentisque
695 2818 795 2903 leouiu¹

68 2912 204 2975 munus:
224 2911 331 2992 galeam
344 2911 414 2973 fidus
425 2927 563 2992 permutat
574 2913 697 2975 Alethee.

70 3006 201 3072 Protinus
211 3007 310 3085 murati
320 3005 469 3080 incedam
487 3026 559 3092 quoe
569 3010 660 3076 omnia
672 3022 765 3075 enutri

840 3103 916 3162 un·

857 537 861 544 '
910 546 926 582 0
