2048 3488
108 100 152 169 28
237 97 785 184 P.V1nonn11Muuonte

107 230 221 294 Caedere
232 230 331 294 deiude
338 233 427 311 jubet,
452 234 885 325 solviqueexordinefuneq,

107 326 178 407 lpse,
187 342 269 408 eaput
279 326 363 391 tonsae
375 329 449 390 soliis
458 331 579 392 evindus
591 333 682 404 olive,

109 421 187 489 Stans
193 423 292 504 procul
303 424 333 483 in
345 444 437 504 prora,
458 441 580 505 pateram
591 441 675 496 tenet,
709 440 872 508 exmthes

107 521 224 587 Porrieit
233 523 263 587 in
275 523 380 595 fluetus,
392 545 433 584 ne
445 526 510 586 vina
518 525 652 606 liquentia
662 525 762 588 fundit.

106 616 280 697 Prosequitur
288 618 422 701 surgenta
433 621 520 700 puppi
530 636 629 681 ventus
639 635 742 682 euntes.

108 714 243 776 Certatim
251 713 317 775 socii
329 714 431 776 feriunt
437 734 522 784 mne,
540 719 688 795 &aequora
699 726 820 775 verrunt

145 813 186 873 At
197 812 291 873 Venus
301 813 404 872 interea
411 798 575 890 Neptunum
583 813 701 873 exercita
710 811 782 872 curie

105 906 276 986 Alloquitur,
294 905 412 985 talesque
422 904 538 965 effundit
546 908 655 984 pellore
667 907 790 984 questus:
863 934 922 986 μ’

107 1001 221 1081 Junouis
230 998 368 1080 granista
379 1007 405 1058 δι
417 998 623 1059 inexsaturabile
632 1003 725 1079 pestus

107 1099 220 1176 Cogunt
228 1114 283 1164 tne,
295 1095 436 1174 Neptune,
449 1115 541 1176 preces
553 1093 712 1161 descendere
723 1095 754 1155 in
762 1112 879 1157 omnesve

106 1193 199 1272 Quam
211 1211 263 1252 nec
268 1191 352 1272 longa
363 1191 432 1262 dies,
449 1192 534 1272 pietas
543 1210 594 1252 nee
606 1190 714 1271 mitigat
724 1187 781 1248 ulla
788 1213 799 1257 ς

105 1288 168 1350 Nee
179 1290 257 1368 Jovis
268 1290 385 1369 inperio
392 1288 487 1351 fatisve
497 1289 611 1350 instadln
620 1288 744 1370 quiescit.

104 1389 173 1449 Nou
185 1388 276 1455 media
285 1389 321 1449 de
332 1404 413 1471 gente
424 1391 565 1471 Phrygum
576 1387 690 1453 exedisse
702 1385 826 1450 nefandis
857 1389 915 1468 783

103 1485 211 1547 Urbem
224 1487 294 1549 odiis
305 1489 368 1551 satis
380 1491 427 1558 est,
445 1509 496 1551 nee
509 1508 620 1569 poenam
632 1501 708 1554 true
720 1507 769 1567 per
781 1504 895 1555 omnem
922 1509 923 1512 ’

104 1582 275 1665 Relliquias:
293 1585 388 1665 Trojae
397 1587 499 1650 cineres
510 1572 593 1666 atque
603 1584 660 1652 offa
671 1597 820 1665 peremptae
948 1585 950 1590 ’

103 1677 265 1763 Insequitur.
292 1681 381 1741 causas
393 1681 708 1747 tantisciatillasuroris.
909 1707 912 1714 ’

102 1777 164 1859 Ipse
176 1780 245 1841 mihi
258 1799 344 1857 nuper
355 1779 466 1859 Libycis
478 1781 590 1841 tutelis
602 1781 633 1840 in
645 1779 725 1840 undis

103 1873 197 1950 Quam
205 1871 308 1932 molem
320 1870 409 1932 subito
417 1872 545 1933 excierit:
563 1872 651 1934 maria
659 1873 753 1934 omnia
764 1870 836 1939 ‚coeltl
855 1887 914 1951 79⁰

102 1969 226 2039 Miscuit,
245 1969 346 2033 AEoliie
356 1970 541 2050 nequicquam
551 1968 622 2031 freta
632 1970 771 2050 procellis,

103 2064 240 2144 In'tegnis
260 2065 314 2123 hoo
331 2060 394 2126 ausa
408 2063 471 2122 tuis.

102 2162 154 2222 Per
164 2161 258 2232 scelus,
274 2182 347 2233 eece,
371 2163 464 2234 etiam,
477 2163 608 2242 Trojanio
619 2163 834 2235 moribundis,

101 2254 203 2326 Euuffit
211 2253 284 2315 foede
297 2274 412 2336 puppes,
431 2256 544 2329 &clasle
555 2256 661 2336 subegit

101 2348 207 2408 Amissa
216 2348 302 2409 socios
315 2351 416 2430 ignotae
426 2352 551 2431 linquere
563 2365 649 2415 terrae.
855 2375 913 2436 795

102 2445 187 2520 Quod
196 2446 321 2526 superesi,
348 2468 408 2519 oro,
420 2449 501 2508 liceat
509 2448 574 2511 dare
582 2464 642 2514 tuta
649 2470 699 2530 per
712 2451 796 2516 undae

14 2547 18 2555 '
101 2539 172 2600 Vela
184 2539 254 2608 tibi;
272 2541 352 2600 licent
362 2543 525 2603 Laurentem
534 2545 666 2624 attingere
674 2533 814 2624 Tybrint:

102 2637 131 2695 Si
144 2637 265 2704 concessa
274 2634 348 2717 peto,
368 2639 388 2697 st
400 2638 466 2706 dant
476 2659 509 2698 ea
519 2640 620 2698 moenia
630 2642 732 2715 Pareae,

101 2731 131 2788 T
133 2751 179 2790 um
190 2734 328 2793 Saturnius
336 2735 393 2794 haec
407 2734 528 2794 domitor
535 2736 616 2801 maris
629 2734 715 2803 edidit
724 2737 791 2799 alti:

101 2824 152 2880 Fas
164 2842 248 2883 omne
259 2827 305 2894 ell,
326 2826 470 2903 Cytherea,
489 2828 556 2887 meis
569 2841 596 2888 te
608 2829 689 2889 fidere
699 2831 799 2910 regnis,
852 2837 913 2901 800·

99 2913 184 2987 Unde
195 2933 280 2994 genus
292 2915 383 2996 dunin}
392 2917 490 2992 ¹tnequi
503 2940 621 3001 quoque.
645 2919 713 3007 saepe
724 2922 830 2985 sutores

819 3022 908 3084 Com-
