2048 3488
139 264 192 353 4&
287 257 819 343 P.·Vraorr11Mnaonr's

141 388 305 459 Obscuram,
335 387 447 473 qualem
459 388 551 466 primo
564 390 612 469 qui
624 390 732 472 surgere
740 394 832 455 mense
936 405 962 451 'i

114 556 119 567 .
143 491 202 549 Aut
212 487 297 558 videt,
310 475 357 563 aut
369 488 463 549 vidisse
472 504 550 568 putat
560 510 609 570 per
624 490 718 553 nubila
729 493 835 563 lunum,

143 583 260 643 Demisit
273 582 416 660 lacrymas,
443 581 573 662 dulcique
585 583 681 644 affatus
693 605 788 647 amore
806 587 862 647 est:
900 603 960 668 455

143 680 244 740 Infelix
257 680 344 749 Dido,
380 680 539 739 verusmilri
552 682 668 740 nuncius
677 702 745 763 ergo
993 751 999 760 ,

142 784 274 852 Venerat,
292 781 439 840 extindlam
450 779 579 857 ferroque
590 794 712 840 extrema
724 780 853 842 secutam.
954 820 958 829 ι

143 881 256 941 Funeris
265 881 337 949 heu!
356 879 407 938 tibi
417 877 495 939 causa
506 877 557 936 fui.
577 898 627 957 per
639 878 721 939 sidera
730 881 805 957 juro,
915 864 920 871 ’

141 981 196 1043 Per
207 980 326 1059 superos,
345 983 370 1036 δι
387 977 471 1055 siqua
485 976 550 1035 fides
562 978 659 1037 tellure
667 978 716 1037 sub
727 980 785 1039 ima
797 979 845 1048 est,

143 1078 260 1144 invitus,
279 1075 383 1153 regina,
395 1087 444 1131 tuo
456 1072 492 1131 dc
504 1073 585 1131 litore
595 1075 663 1133 ceffi.
902 1075 962 1157 460

143 1171 197 1232 Sed
206 1190 251 1228 me
257 1168 326 1246 julla
333 1165 426 1236 deum,
446 1187 507 1245 quae
519 1186 592 1225 nunc
604 1167 651 1225 has
659 1167 700 1225 ire
714 1187 762 1245 per
772 1168 892 1237 umbras,

143 1267 197 1325 Per
207 1264 270 1322 loca
281 1259 355 1319 senta
366 1259 416 1318 litu
430 1272 534 1339 coguut
545 1260 708 1337 noiiemque
719 1259 897 1338 profundam,
956 1302 961 1311 ·

142 1361 273 1442 Imperiis
282 1379 361 1439 egere
373 1358 439 1417 fuis:
460 1379 511 1418 nec
523 1356 630 1417 credere
640 1357 728 1437 quivi,

145 1460 233 1520 Hunc
245 1470 351 1517 tantum
362 1454 413 1514 tibi
426 1473 471 1514 me
483 1453 593 1512 discessu
605 1451 675 1511 ferre
684 1450 820 1513 dolorem.
840 1468 858 1520 a

52 1609 56 1616 .
146 1558 212 1617 Siste
225 1553 351 1636 gradum,
370 1565 451 1631 teque
463 1549 570 1629 aspcflu
582 1569 616 1609 ne
627 1548 753 1610 subtrahe
764 1551 864 1611 nostro.
903 1552 961 1638 465

143 1657 237 1732 Qum
246 1651 334 1732 fugis?
348 1663 501 1709 extremum
509 1648 578 1720 fato,
587 1646 661 1727 quod
669 1662 696 1709 tc
704 1647 841 1727 alloquor,
849 1648 904 1721 boc
915 1650 963 1711 cst.

144 1751 263 1812 Talibus
275 1750 377 1809 AEneas
389 1746 528 1806 ardentem
540 1751 567 1804 dc
575 1760 653 1805 torva
665 1759 788 1805 tuentem

144 1844 264 1904 Lenibat
276 1840 354 1898 dictis
362 1839 495 1906 animum,
515 1836 701 1915 lacrymasque
712 1837 810 1899 ciebat.

142 1941 199 2001 Illa
209 1938 267 1997 folo
280 1937 347 1995 fixos
359 1933 453 1994 oculos
466 1933 558 1993 aversa
570 1933 678 1995 tenebat
690 1955 699 1993 ι

144 2038 209 2099 Nec
219 2035 305 2114 magis
317 2033 427 2119 incepto
441 2030 549 2090 uultum
562 2030 685 2093 sermone
698 2045 835 2115 movetur,
902 2048 962 2113 470

145 2140 239 2216 Qum
252 2135 272 2194 fi
283 2131 352 2190 dura
363 2130 428 2196 filex
440 2144 487 2193 aut
498 2130 545 2189 stet
557 2131 693 2211 Marpesia
705 2144 804 2191 cautes.

144 2235 274 2297 Tandem
286 2228 419 2308 corripuit
428 2227 491 2296 sese,
509 2242 592 2307 atque
605 2230 717 2290 inimica
728 2229 830 2309 refugit

144 2332 182 2392 Iu
193 2348 288 2388 nemus
300 2320 500 2385 umbriferum:
521 2323 622 2400 conjux
635 2324 681 2387 ubi
692 2324 818 2406 pristinus
829 2322 871 2385 illi

144 2422 301 2504 Respondet
310 2421 392 2490 curis,
411 2433 556 2499 aequatque
567 2420 686 2480 Sichaeus
697 2439 831 2481 amorem.

143 2524 209 2587 Nee
221 2520 310 2579 minus
323 2518 435 2586 Encas,
444 2514 504 2575 cafu
514 2516 766 2596 perculsuriniquo,
902 2534 961 2599 475

142 2617 317 2696 Prosequitur
328 2614 481 2689 lacrymans
492 2611 585 2692 longe,
615 2613 793 2674 &miseratur
801 2624 920 2675 euntem

84 2778 91 2788 ,
145 2716 215 2777 Inde
226 2714 319 2771 datum
334 2708 447 2767 molitur
460 2708 530 2767 iter:
546 2710 660 2790 jamque
673 2730 738 2771 arua
749 2710 879 2771 tenebant

145 2811 265 2874 Ultima,
278 2823 339 2882 quae
348 2802 421 2862 bello
433 2802 499 2861 clari
512 2801 609 2863 secreta
620 2805 803 2884 frequentant.

145 2906 205 2969 Hic
218 2901 259 2960 illi
267 2898 383 2957 occurrit
391 2897 517 2976 Tydeus,
537 2899 582 2958 hic
592 2899 711 2979 inclytus
721 2900 806 2960 muria

141 2999 360 3072 Raithenopaeus,
368 2999 406 3079 q&
418 2993 525 3053 Adrasti
537 2995 662 3072 pallentia
673 2996 779 3078 imago.
896 2999 959 3075 480

143 3097 202 3159 Hic
212 3091 330 3155 multum
342 3091 400 3153 fleti
412 3089 447 3152 ad
461 3090 579 3173 superos,
597 3093 725 3177 belloque
736 3093 834 3157 caduci
949 3166 954 3175 ‚

884 3192 961 3255 Dar·
