<?xml version="1.0" encoding="UTF-8"?>
<!DOCTYPE html PUBLIC "-//W3C//DTD XHTML 1.0 Transitional//EN"
    "http://www.w3.org/TR/xhtml1/DTD/xhtml1-transitional.dtd">
<html xmlns="http://www.w3.org/1999/xhtml" xml:lang="en" lang="en">
 <head>
  <title>
</title>
<meta http-equiv="Content-Type" content="text/html;charset=utf-8" />
  <meta name='ocr-system' content='tesseract 3.04.00' />
  <meta name='ocr-capabilities' content='ocr_page ocr_carea ocr_par ocr_line ocrx_word'/>
</head>
<body>
  <div class='ocr_page' id='page_1' title='image "./publiivirgiliim04virggoog/publiivirgiliim04virggoog_0292.png"; bbox 0 0 2048 3488; ppageno 0'>
   <div class='ocr_carea' id='block_1_1' title="bbox 213 131 881 234">
    <p class='ocr_par' dir='ltr' id='par_1_1' title="bbox 213 131 881 234">
     <span class='ocr_line' id='line_1_1' title="bbox 213 131 881 234; baseline 0.003 -25"><span class='ocrx_word' id='word_1_1' title='bbox 213 133 442 209; x_wconf 83' lang='lat' dir='ltr'>AEuaroos</span> <span class='ocrx_word' id='word_1_2' title='bbox 462 131 626 210; x_wconf 82' lang='lat' dir='ltr'>Lraan</span> <span class='ocrx_word' id='word_1_3' title='bbox 645 135 727 210; x_wconf 86' lang='lat' dir='ltr'><strong>XII.</strong></span> <span class='ocrx_word' id='word_1_4' title='bbox 811 160 881 234; x_wconf 82' lang='lat'>229</span> 
     </span>
    </p>
   </div>
   <div class='ocr_carea' id='block_1_2' title="bbox 38 269 876 3062">
    <p class='ocr_par' dir='ltr' id='par_1_2' title="bbox 67 269 734 346">
     <span class='ocr_line' id='line_1_2' title="bbox 67 269 734 346; baseline -0.006 -14"><span class='ocrx_word' id='word_1_5' title='bbox 67 270 148 332; x_wconf 79' lang='lat' dir='ltr'>vidit</span> <span class='ocrx_word' id='word_1_6' title='bbox 160 269 197 331; x_wconf 90' lang='lat' dir='ltr'>ab</span> <span class='ocrx_word' id='word_1_7' title='bbox 217 270 329 332; x_wconf 83' lang='lat' dir='ltr'>adverso</span> <span class='ocrx_word' id='word_1_8' title='bbox 347 269 486 329; x_wconf 84' lang='lat' dir='ltr'>venientes</span> <span class='ocrx_word' id='word_1_9' title='bbox 498 287 599 346; x_wconf 80' lang='lat' dir='ltr'>aggere</span> <span class='ocrx_word' id='word_1_10' title='bbox 610 269 734 337; x_wconf 82' lang='lat' dir='ltr'>Turnus,</span> 
     </span>
    </p>

    <p class='ocr_par' dir='ltr' id='par_1_3' title="bbox 66 364 751 445">
     <span class='ocr_line' id='line_1_3' title="bbox 66 364 751 445; baseline -0.001 -19"><span class='ocrx_word' id='word_1_11' title='bbox 66 366 168 426; x_wconf 86' lang='lat' dir='ltr'>Videre</span> <span class='ocrx_word' id='word_1_12' title='bbox 181 367 296 428; x_wconf 87' lang='lat' dir='ltr'>Ausonii</span> <span class='ocrx_word' id='word_1_13' title='bbox 308 386 317 429; x_wconf 81' lang='lat'>3</span> <span class='ocrx_word' id='word_1_14' title='bbox 335 364 492 445; x_wconf 87' lang='lat' dir='ltr'>gelidusque</span> <span class='ocrx_word' id='word_1_15' title='bbox 502 383 551 440; x_wconf 88' lang='lat' dir='ltr'>per</span> <span class='ocrx_word' id='word_1_16' title='bbox 562 365 619 423; x_wconf 87' lang='lat' dir='ltr'>ima</span> <span class='ocrx_word' id='word_1_17' title='bbox 630 367 751 425; x_wconf 84' lang='lat' dir='ltr'>cucurrit</span> 
     </span>
    </p>

    <p class='ocr_par' dir='ltr' id='par_1_4' title="bbox 64 460 801 635">
     <span class='ocr_line' id='line_1_4' title="bbox 67 460 801 540; baseline 0 -20"><span class='ocrx_word' id='word_1_18' title='bbox 67 461 133 532; x_wconf 75' lang='lat' dir='ltr'>oua</span> <span class='ocrx_word' id='word_1_19' title='bbox 144 475 256 522; x_wconf 89' lang='lat' dir='ltr'>tremor.</span> <span class='ocrx_word' id='word_1_20' title='bbox 276 462 366 540; x_wconf 88' lang='lat' dir='ltr'>prima</span> <span class='ocrx_word' id='word_1_21' title='bbox 377 473 440 519; x_wconf 90' lang='lat' dir='ltr'>ante</span> <span class='ocrx_word' id='word_1_22' title='bbox 453 477 548 517; x_wconf 90' lang='lat' dir='ltr'>omnes</span> <span class='ocrx_word' id='word_1_23' title='bbox 561 460 676 534; x_wconf 89' lang='lat' dir='ltr'>Juturna</span> <span class='ocrx_word' id='word_1_24' title='bbox 686 460 801 520; x_wconf 73' lang='lat' dir='ltr'>Latinos</span> 
     </span>
     <span class='ocr_line' id='line_1_5' title="bbox 64 550 793 635; baseline 0.001 -22"><span class='ocrx_word' id='word_1_25' title='bbox 64 555 166 615; x_wconf 79' lang='lat' dir='ltr'>Audiit</span> <span class='ocrx_word' id='word_1_26' title='bbox 182 557 350 635; x_wconf 85' lang='lat' dir='ltr'>agnovitque</span> <span class='ocrx_word' id='word_1_27' title='bbox 358 554 465 621; x_wconf 87' lang='lat' dir='ltr'>sonum,</span> <span class='ocrx_word' id='word_1_28' title='bbox 484 558 510 610; x_wconf 72' lang='grc' dir='ltr'>δι</span> <span class='ocrx_word' id='word_1_29' title='bbox 522 550 793 633; x_wconf 73' lang='lat' dir='ltr'>tremefailarefugit.</span> 
     </span>
    </p>

    <p class='ocr_par' dir='ltr' id='par_1_5' title="bbox 59 647 875 1120">
     <span class='ocr_line' id='line_1_6' title="bbox 64 647 875 734; baseline -0.002 -23"><span class='ocrx_word' id='word_1_30' title='bbox 64 651 118 712; x_wconf 87' lang='lat' dir='ltr'>Ille</span> <span class='ocrx_word' id='word_1_31' title='bbox 128 651 215 721; x_wconf 84' lang='lat' dir='ltr'>volat,</span> <span class='ocrx_word' id='word_1_32' title='bbox 234 667 388 731; x_wconf 84' lang='lat' dir='ltr'>campoque</span> <span class='ocrx_word' id='word_1_33' title='bbox 401 663 491 709; x_wconf 91' lang='lat' dir='ltr'>atrum</span> <span class='ocrx_word' id='word_1_34' title='bbox 500 647 572 726; x_wconf 85' lang='lat' dir='ltr'>rapit</span> <span class='ocrx_word' id='word_1_35' title='bbox 584 666 683 726; x_wconf 84' lang='lat' dir='ltr'><strong>agmen</strong></span> <span class='ocrx_word' id='word_1_36' title='bbox 694 664 797 728; x_wconf 88' lang='lat' dir='ltr'>aperto.</span> <span class='ocrx_word' id='word_1_37' title='bbox 817 672 875 734; x_wconf 82' lang='lat'>450</span> 
     </span>
     <span class='ocr_line' id='line_1_7' title="bbox 64 742 872 822; baseline -0.007 -16"><span class='ocrx_word' id='word_1_38' title='bbox 64 747 163 822; x_wconf 78' lang='lat' dir='ltr'>Qualia</span> <span class='ocrx_word' id='word_1_39' title='bbox 170 747 219 806; x_wconf 92' lang='lat' dir='ltr'>ubi</span> <span class='ocrx_word' id='word_1_40' title='bbox 227 747 262 806; x_wconf 91' lang='lat' dir='ltr'>ad</span> <span class='ocrx_word' id='word_1_41' title='bbox 273 761 357 807; x_wconf 82' lang='lat' dir='ltr'>terras</span> <span class='ocrx_word' id='word_1_42' title='bbox 367 745 484 822; x_wconf 90' lang='lat' dir='ltr'>abrupto</span> <span class='ocrx_word' id='word_1_43' title='bbox 497 742 580 802; x_wconf 83' lang='lat' dir='ltr'>fidere</span> <span class='ocrx_word' id='word_1_44' title='bbox 592 743 701 802; x_wconf 79' lang='lat' dir='ltr'>nimbus</span> <span class='ocrx_word' id='word_1_45' title='bbox 737 797 740 801; x_wconf 87' lang='lat'>.</span> <span class='ocrx_word' id='word_1_46' title='bbox 866 810 872 820; x_wconf 29' lang='lat'><strong>⁴</strong></span> 
     </span>
     <span class='ocr_line' id='line_1_8' title="bbox 62 845 827 930; baseline 0.007 -23"><span class='ocrx_word' id='word_1_47' title='bbox 62 849 92 907; x_wconf 89' lang='lat' dir='ltr'>It</span> <span class='ocrx_word' id='word_1_48' title='bbox 103 867 178 908; x_wconf 90' lang='lat' dir='ltr'>mare</span> <span class='ocrx_word' id='word_1_49' title='bbox 187 870 236 929; x_wconf 86' lang='lat' dir='ltr'>per</span> <span class='ocrx_word' id='word_1_50' title='bbox 246 847 391 914; x_wconf 77' lang='lat' dir='ltr'>medium3</span> <span class='ocrx_word' id='word_1_51' title='bbox 409 845 520 914; x_wconf 81' lang='lat' dir='ltr'>miseris,</span> <span class='ocrx_word' id='word_1_52' title='bbox 531 845 600 904; x_wconf 80' lang='lat' dir='ltr'>heu!</span> <span class='ocrx_word' id='word_1_53' title='bbox 618 845 731 924; x_wconf 77' lang='lat' dir='ltr'>&#39;praescia</span> <span class='ocrx_word' id='word_1_54' title='bbox 742 849 827 930; x_wconf 86' lang='lat' dir='ltr'>longe</span> 
     </span>
     <span class='ocr_line' id='line_1_9' title="bbox 60 941 725 1023; baseline 0.003 -20"><span class='ocrx_word' id='word_1_55' title='bbox 60 944 231 1005; x_wconf 83' lang='lat' dir='ltr'>Horrescuut</span> <span class='ocrx_word' id='word_1_56' title='bbox 239 944 322 1004; x_wconf 83' lang='lat' dir='ltr'>oorda</span> <span class='ocrx_word' id='word_1_57' title='bbox 331 943 474 1023; x_wconf 83' lang='lat' dir='ltr'>agricolis:</span> <span class='ocrx_word' id='word_1_58' title='bbox 493 941 569 1001; x_wconf 84' lang='lat' dir='ltr'>dabit</span> <span class='ocrx_word' id='word_1_59' title='bbox 579 941 626 1005; x_wconf 73' lang='lat' dir='ltr'>ille</span> <span class='ocrx_word' id='word_1_60' title='bbox 634 944 725 1005; x_wconf 75' lang='lat' dir='ltr'>ruina</span> 
     </span>
     <span class='ocr_line' id='line_1_10' title="bbox 59 1038 769 1120; baseline 0.007 -22"><span class='ocrx_word' id='word_1_61' title='bbox 59 1039 223 1109; x_wconf 78' lang='lat' dir='ltr'>Arboribus,</span> <span class='ocrx_word' id='word_1_62' title='bbox 242 1041 411 1120; x_wconf 82' lang='lat' dir='ltr'>stragemque</span> <span class='ocrx_word' id='word_1_63' title='bbox 422 1038 502 1106; x_wconf 64' lang='lat' dir='ltr'>satim</span> <span class='ocrx_word' id='word_1_64' title='bbox 522 1051 583 1097; x_wconf 86' lang='lat' dir='ltr'>ruet</span> <span class='ocrx_word' id='word_1_65' title='bbox 594 1040 688 1099; x_wconf 85' lang='lat' dir='ltr'>omnia</span> <span class='ocrx_word' id='word_1_66' title='bbox 698 1041 769 1103; x_wconf 84' lang='lat' dir='ltr'>late:</span> 
     </span>
    </p>

    <p class='ocr_par' dir='ltr' id='par_1_6' title="bbox 55 1140 866 1301">
     <span class='ocr_line' id='line_1_11' title="bbox 62 1140 866 1232; baseline 0.004 -30"><span class='ocrx_word' id='word_1_67' title='bbox 62 1141 139 1202; x_wconf 80' lang='lat' dir='ltr'>Ante</span> <span class='ocrx_word' id='word_1_68' title='bbox 155 1144 257 1212; x_wconf 85' lang='lat' dir='ltr'>volant,</span> <span class='ocrx_word' id='word_1_69' title='bbox 276 1142 448 1221; x_wconf 87' lang='lat' dir='ltr'>sonitumque</span> <span class='ocrx_word' id='word_1_70' title='bbox 459 1141 551 1200; x_wconf 88' lang='lat' dir='ltr'>ferunt</span> <span class='ocrx_word' id='word_1_71' title='bbox 561 1140 781 1205; x_wconf 82' lang='lat' dir='ltr'>adlitoraventi.</span> <span class='ocrx_word' id='word_1_72' title='bbox 809 1166 866 1232; x_wconf 76' lang='lat'>455</span> 
     </span>
     <span class='ocr_line' id='line_1_12' title="bbox 55 1237 666 1301; baseline 0.002 -4"><span class='ocrx_word' id='word_1_73' title='bbox 55 1237 136 1298; x_wconf 82' lang='lat' dir='ltr'>Talis</span> <span class='ocrx_word' id='word_1_74' title='bbox 146 1239 176 1298; x_wconf 91' lang='lat' dir='ltr'>in</span> <span class='ocrx_word' id='word_1_75' title='bbox 183 1239 308 1301; x_wconf 80' lang='lat' dir='ltr'>adversos</span> <span class='ocrx_word' id='word_1_76' title='bbox 320 1239 416 1299; x_wconf 73' lang='lat' dir='ltr'>duilon</span> <span class='ocrx_word' id='word_1_77' title='bbox 427 1238 570 1297; x_wconf 81' lang='lat' dir='ltr'>Rhoeteius</span> <span class='ocrx_word' id='word_1_78' title='bbox 580 1237 666 1298; x_wconf 79' lang='lat' dir='ltr'>hoster</span> 
     </span>
    </p>

    <p class='ocr_par' dir='ltr' id='par_1_7' title="bbox 49 1334 868 1807">
     <span class='ocr_line' id='line_1_13' title="bbox 54 1334 720 1419; baseline 0.003 -23"><span class='ocrx_word' id='word_1_79' title='bbox 54 1337 167 1418; x_wconf 86' lang='lat' dir='ltr'>Agmen</span> <span class='ocrx_word' id='word_1_80' title='bbox 175 1340 252 1419; x_wconf 86' lang='lat' dir='ltr'>agit:</span> <span class='ocrx_word' id='word_1_81' title='bbox 271 1339 345 1400; x_wconf 80' lang='lat' dir='ltr'>deni</span> <span class='ocrx_word' id='word_1_82' title='bbox 357 1338 450 1398; x_wconf 82' lang='lat' dir='ltr'>cuneis</span> <span class='ocrx_word' id='word_1_83' title='bbox 462 1334 488 1397; x_wconf 85' lang='lat' dir='ltr'>ie</span> <span class='ocrx_word' id='word_1_84' title='bbox 497 1334 610 1416; x_wconf 82' lang='lat' dir='ltr'>quisque</span> <span class='ocrx_word' id='word_1_85' title='bbox 619 1339 720 1398; x_wconf 67' lang='lat' dir='ltr'>toallis</span> 
     </span>
     <span class='ocr_line' id='line_1_14' title="bbox 57 1435 865 1517; baseline 0.01 -22"><span class='ocrx_word' id='word_1_86' title='bbox 57 1436 268 1517; x_wconf 82' lang='lat' dir='ltr'>Agglomerant.</span> <span class='ocrx_word' id='word_1_87' title='bbox 288 1437 352 1498; x_wconf 86' lang='lat' dir='ltr'>ferit</span> <span class='ocrx_word' id='word_1_88' title='bbox 362 1437 424 1497; x_wconf 83' lang='lat' dir='ltr'>ense</span> <span class='ocrx_word' id='word_1_89' title='bbox 436 1455 548 1516; x_wconf 86' lang='lat' dir='ltr'>gravem</span> <span class='ocrx_word' id='word_1_90' title='bbox 555 1435 738 1513; x_wconf 77' lang='lat' dir='ltr'>Thymbraeus</span> <span class='ocrx_word' id='word_1_91' title='bbox 747 1441 865 1502; x_wconf 76' lang='lat' dir='ltr'>Osirim:</span> 
     </span>
     <span class='ocr_line' id='line_1_15' title="bbox 54 1534 868 1615; baseline 0.009 -19"><span class='ocrx_word' id='word_1_92' title='bbox 54 1536 219 1597; x_wconf 85' lang='lat' dir='ltr'>Archetium</span> <span class='ocrx_word' id='word_1_93' title='bbox 232 1538 399 1607; x_wconf 78' lang='lat' dir='ltr'>Mnestheus,</span> <span class='ocrx_word' id='word_1_94' title='bbox 418 1535 573 1615; x_wconf 86' lang='lat' dir='ltr'>Epulonem</span> <span class='ocrx_word' id='word_1_95' title='bbox 582 1534 727 1599; x_wconf 89' lang='lat' dir='ltr'>obtruncat</span> <span class='ocrx_word' id='word_1_96' title='bbox 738 1540 868 1602; x_wconf 76' lang='lat' dir='ltr'>Achatem</span> 
     </span>
     <span class='ocr_line' id='line_1_16' title="bbox 52 1630 868 1721; baseline 0.006 -31"><span class='ocrx_word' id='word_1_97' title='bbox 52 1630 244 1715; x_wconf 84' lang='lat' dir='ltr'>Ufentemque</span> <span class='ocrx_word' id='word_1_98' title='bbox 252 1637 341 1713; x_wconf 77' lang='lat' dir='ltr'>Gyas.</span> <span class='ocrx_word' id='word_1_99' title='bbox 361 1633 434 1694; x_wconf 87' lang='lat' dir='ltr'>cadit</span> <span class='ocrx_word' id='word_1_100' title='bbox 442 1633 670 1712; x_wconf 80' lang='lat' dir='ltr'>ipseTolumnius</span> <span class='ocrx_word' id='word_1_101' title='bbox 679 1654 777 1718; x_wconf 83' lang='lat' dir='ltr'>augur,</span> <span class='ocrx_word' id='word_1_102' title='bbox 807 1647 868 1721; x_wconf 78' lang='lat'>4⁶⁰</span> 
     </span>
     <span class='ocr_line' id='line_1_17' title="bbox 49 1723 719 1807; baseline 0.009 -24"><span class='ocrx_word' id='word_1_103' title='bbox 49 1723 160 1786; x_wconf 74' lang='lat' dir='ltr'>Primus</span> <span class='ocrx_word' id='word_1_104' title='bbox 172 1727 204 1786; x_wconf 89' lang='lat' dir='ltr'>in</span> <span class='ocrx_word' id='word_1_105' title='bbox 214 1727 340 1804; x_wconf 80' lang='lat' dir='ltr'>adversor</span> <span class='ocrx_word' id='word_1_106' title='bbox 347 1728 433 1788; x_wconf 87' lang='lat' dir='ltr'>telum</span> <span class='ocrx_word' id='word_1_107' title='bbox 444 1727 493 1807; x_wconf 94' lang='lat' dir='ltr'>qui</span> <span class='ocrx_word' id='word_1_108' title='bbox 502 1726 612 1801; x_wconf 86' lang='lat' dir='ltr'>torserat</span> <span class='ocrx_word' id='word_1_109' title='bbox 623 1727 719 1789; x_wconf 80' lang='lat' dir='ltr'>hostes.</span> 
     </span>
    </p>

    <p class='ocr_par' dir='ltr' id='par_1_8' title="bbox 45 1824 768 2008">
     <span class='ocr_line' id='line_1_18' title="bbox 45 1824 768 1909; baseline 0.008 -24"><span class='ocrx_word' id='word_1_110' title='bbox 45 1824 172 1887; x_wconf 86' lang='lat' dir='ltr'>Tollitur</span> <span class='ocrx_word' id='word_1_111' title='bbox 182 1828 212 1888; x_wconf 92' lang='lat' dir='ltr'>iu</span> <span class='ocrx_word' id='word_1_112' title='bbox 222 1831 323 1890; x_wconf 88' lang='lat' dir='ltr'>coelurn</span> <span class='ocrx_word' id='word_1_113' title='bbox 332 1831 455 1898; x_wconf 87' lang='lat' dir='ltr'>clamor;</span> <span class='ocrx_word' id='word_1_114' title='bbox 474 1829 598 1909; x_wconf 78' lang='lat' dir='ltr'>versuque</span> <span class='ocrx_word' id='word_1_115' title='bbox 609 1829 722 1892; x_wconf 85' lang='lat' dir='ltr'>viciffim</span> <span class='ocrx_word' id='word_1_116' title='bbox 766 1830 768 1837; x_wconf 83' lang='lat'>&#39;</span> 
     </span>
     <span class='ocr_line' id='line_1_19' title="bbox 47 1922 752 2008; baseline 0.004 -25"><span class='ocrx_word' id='word_1_117' title='bbox 47 1922 240 2001; x_wconf 78' lang='lat' dir='ltr'>Pulveruleuta</span> <span class='ocrx_word' id='word_1_118' title='bbox 251 1926 318 2008; x_wconf 83' lang='lat' dir='ltr'>fuga</span> <span class='ocrx_word' id='word_1_119' title='bbox 330 1926 426 1987; x_wconf 90' lang='lat' dir='ltr'>Rutuli</span> <span class='ocrx_word' id='word_1_120' title='bbox 438 1926 504 1985; x_wconf 88' lang='lat' dir='ltr'>dant</span> <span class='ocrx_word' id='word_1_121' title='bbox 515 1940 591 2004; x_wconf 87' lang='lat' dir='ltr'>terga</span> <span class='ocrx_word' id='word_1_122' title='bbox 601 1945 651 2005; x_wconf 86' lang='lat' dir='ltr'>per</span> <span class='ocrx_word' id='word_1_123' title='bbox 662 1946 752 2006; x_wconf 78' lang='lat' dir='ltr'>agros.</span> 
     </span>
    </p>

    <p class='ocr_par' dir='ltr' id='par_1_9' title="bbox 50 2015 708 2102">
     <span class='ocr_line' id='line_1_20' title="bbox 50 2015 708 2102; baseline 0.006 -26"><span class='ocrx_word' id='word_1_124' title='bbox 50 2015 116 2096; x_wconf 84' lang='lat' dir='ltr'>Ipse</span> <span class='ocrx_word' id='word_1_125' title='bbox 126 2037 216 2098; x_wconf 83' lang='lat' dir='ltr'>neque</span> <span class='ocrx_word' id='word_1_126' title='bbox 226 2021 333 2082; x_wconf 78' lang='lat' dir='ltr'>aversos</span> <span class='ocrx_word' id='word_1_127' title='bbox 344 2021 473 2102; x_wconf 84' lang='lat' dir='ltr'>dignatur</span> <span class='ocrx_word' id='word_1_128' title='bbox 484 2022 597 2080; x_wconf 83' lang='lat' dir='ltr'>sternere</span> <span class='ocrx_word' id='word_1_129' title='bbox 609 2022 708 2090; x_wconf 82' lang='lat' dir='ltr'>morti;</span> 
     </span>
    </p>

    <p class='ocr_par' dir='ltr' id='par_1_10' title="bbox 52 2114 863 2386">
     <span class='ocr_line' id='line_1_21' title="bbox 52 2114 863 2203; baseline 0.011 -29"><span class='ocrx_word' id='word_1_130' title='bbox 52 2114 119 2175; x_wconf 82' lang='lat' dir='ltr'>Nec</span> <span class='ocrx_word' id='word_1_131' title='bbox 128 2114 357 2198; x_wconf 76' lang='lat' dir='ltr'>pedecongreil&#39;oa</span> <span class='ocrx_word' id='word_1_132' title='bbox 368 2139 458 2198; x_wconf 84' lang='lat' dir='ltr'>aequo,</span> <span class='ocrx_word' id='word_1_133' title='bbox 476 2137 527 2178; x_wconf 86' lang='lat' dir='ltr'>nec</span> <span class='ocrx_word' id='word_1_134' title='bbox 538 2119 593 2178; x_wconf 86' lang='lat' dir='ltr'>tela</span> <span class='ocrx_word' id='word_1_135' title='bbox 601 2117 718 2179; x_wconf 74' lang='lat' dir='ltr'>ferentes</span> <span class='ocrx_word' id='word_1_136' title='bbox 805 2121 863 2203; x_wconf 78' lang='lat'>465</span> 
     </span>
     <span class='ocr_line' id='line_1_22' title="bbox 53 2205 736 2290; baseline 0.007 -24"><span class='ocrx_word' id='word_1_137' title='bbox 53 2205 229 2286; x_wconf 83' lang='lat' dir='ltr'>Insequitur:</span> <span class='ocrx_word' id='word_1_138' title='bbox 248 2209 335 2268; x_wconf 84' lang='lat' dir='ltr'>solum</span> <span class='ocrx_word' id='word_1_139' title='bbox 344 2210 428 2270; x_wconf 85' lang='lat' dir='ltr'>densa</span> <span class='ocrx_word' id='word_1_140' title='bbox 439 2212 468 2269; x_wconf 91' lang='lat' dir='ltr'>iu</span> <span class='ocrx_word' id='word_1_141' title='bbox 479 2211 597 2290; x_wconf 86' lang='lat' dir='ltr'>caligine</span> <span class='ocrx_word' id='word_1_142' title='bbox 606 2210 736 2270; x_wconf 88' lang='lat' dir='ltr'>Turnum</span> 
     </span>
     <span class='ocr_line' id='line_1_23' title="bbox 54 2304 720 2386; baseline -0.002 -20"><span class='ocrx_word' id='word_1_143' title='bbox 54 2304 179 2386; x_wconf 83' lang='lat' dir='ltr'>Veiligat</span> <span class='ocrx_word' id='word_1_144' title='bbox 190 2304 310 2377; x_wconf 81' lang='lat' dir='ltr'>lustrant,</span> <span class='ocrx_word' id='word_1_145' title='bbox 330 2307 417 2367; x_wconf 80' lang='lat' dir='ltr'>solunt</span> <span class='ocrx_word' id='word_1_146' title='bbox 428 2306 614 2366; x_wconf 88' lang='lat' dir='ltr'>incertamina</span> <span class='ocrx_word' id='word_1_147' title='bbox 624 2305 720 2385; x_wconf 85' lang='lat' dir='ltr'>poscit.</span> 
     </span>
    </p>

    <p class='ocr_par' dir='ltr' id='par_1_11' title="bbox 38 2403 746 2578">
     <span class='ocr_line' id='line_1_24' title="bbox 38 2403 746 2486; baseline 0.007 -26"><span class='ocrx_word' id='word_1_148' title='bbox 38 2456 40 2460; x_wconf 87' lang='lat'>.</span> <span class='ocrx_word' id='word_1_149' title='bbox 93 2403 296 2471; x_wconf 32' lang='lat' dir='ltr'>Hoc-conculsa</span> <span class='ocrx_word' id='word_1_150' title='bbox 306 2420 381 2466; x_wconf 91' lang='lat' dir='ltr'>metu</span> <span class='ocrx_word' id='word_1_151' title='bbox 394 2419 511 2466; x_wconf 86' lang='lat' dir='ltr'>ruentem</span> <span class='ocrx_word' id='word_1_152' title='bbox 525 2407 639 2483; x_wconf 87' lang='lat' dir='ltr'>Juturua</span> <span class='ocrx_word' id='word_1_153' title='bbox 650 2405 746 2486; x_wconf 82' lang='lat' dir='ltr'>virago</span> 
     </span>
     <span class='ocr_line' id='line_1_25' title="bbox 50 2498 701 2578; baseline 0 -19"><span class='ocrx_word' id='word_1_154' title='bbox 50 2499 190 2578; x_wconf 81' lang='lat' dir='ltr'>Aurigam</span> <span class='ocrx_word' id='word_1_155' title='bbox 201 2501 293 2561; x_wconf 92' lang='lat' dir='ltr'>Turni</span> <span class='ocrx_word' id='word_1_156' title='bbox 304 2501 394 2562; x_wconf 83' lang='lat' dir='ltr'>media</span> <span class='ocrx_word' id='word_1_157' title='bbox 401 2504 472 2562; x_wconf 85' lang='lat' dir='ltr'>inter</span> <span class='ocrx_word' id='word_1_158' title='bbox 484 2500 543 2559; x_wconf 89' lang='lat' dir='ltr'>lora</span> <span class='ocrx_word' id='word_1_159' title='bbox 554 2498 701 2559; x_wconf 86' lang='lat' dir='ltr'>Metiscum</span> 
     </span>
    </p>

    <p class='ocr_par' dir='ltr' id='par_1_12' title="bbox 51 2593 876 3062">
     <span class='ocr_line' id='line_1_26' title="bbox 53 2593 865 2677; baseline 0.006 -24"><span class='ocrx_word' id='word_1_160' title='bbox 53 2594 177 2663; x_wconf 83' lang='lat' dir='ltr'>Excutit,</span> <span class='ocrx_word' id='word_1_161' title='bbox 196 2594 316 2676; x_wconf 83' lang='lat' dir='ltr'>&amp;louge</span> <span class='ocrx_word' id='word_1_162' title='bbox 327 2595 434 2677; x_wconf 83' lang='lat' dir='ltr'>lapsum</span> <span class='ocrx_word' id='word_1_163' title='bbox 445 2611 554 2656; x_wconf 85' lang='lat' dir='ltr'>temone</span> <span class='ocrx_word' id='word_1_164' title='bbox 566 2593 704 2673; x_wconf 89' lang='lat' dir='ltr'>relinquit.</span> <span class='ocrx_word' id='word_1_165' title='bbox 805 2615 865 2676; x_wconf 85' lang='lat'>470</span> 
     </span>
     <span class='ocr_line' id='line_1_27' title="bbox 51 2687 777 2774; baseline 0.001 -22"><span class='ocrx_word' id='word_1_166' title='bbox 51 2687 118 2770; x_wconf 80' lang='lat' dir='ltr'>Ipsa</span> <span class='ocrx_word' id='word_1_167' title='bbox 125 2689 206 2761; x_wconf 83' lang='lat' dir='ltr'>subit,</span> <span class='ocrx_word' id='word_1_168' title='bbox 224 2692 401 2774; x_wconf 87' lang='lat' dir='ltr'>manibusque</span> <span class='ocrx_word' id='word_1_169' title='bbox 414 2693 545 2754; x_wconf 83' lang='lat' dir='ltr'>undantes</span> <span class='ocrx_word' id='word_1_170' title='bbox 556 2691 639 2750; x_wconf 72' lang='lat' dir='ltr'>lleclit</span> <span class='ocrx_word' id='word_1_171' title='bbox 649 2691 777 2763; x_wconf 75' lang='lat' dir='ltr'>habenas,</span> 
     </span>
     <span class='ocr_line' id='line_1_28' title="bbox 52 2785 876 2867; baseline 0 -21"><span class='ocrx_word' id='word_1_172' title='bbox 52 2785 163 2846; x_wconf 74' lang='lat' dir='ltr'>cuncta</span> <span class='ocrx_word' id='word_1_173' title='bbox 173 2794 483 2867; x_wconf 61' lang='lat' dir='ltr'>gemmantemque&amp;</span> <span class='ocrx_word' id='word_1_174' title='bbox 495 2806 604 2866; x_wconf 74' lang='lat' dir='ltr'>corpus,</span> <span class='ocrx_word' id='word_1_175' title='bbox 621 2791 648 2845; x_wconf 72' lang='grc' dir='ltr'>δι</span> <span class='ocrx_word' id='word_1_176' title='bbox 659 2805 736 2846; x_wconf 73' lang='lat' dir='ltr'>mma</span> <span class='ocrx_word' id='word_1_177' title='bbox 746 2786 876 2858; x_wconf 64' lang='lat' dir='ltr'>Metisci„</span> 
     </span>
     <span class='ocr_line' id='line_1_29' title="bbox 52 2880 729 2964; baseline -0.003 -21"><span class='ocrx_word' id='word_1_178' title='bbox 52 2882 147 2962; x_wconf 84' lang='lat' dir='ltr'>Nigra</span> <span class='ocrx_word' id='word_1_179' title='bbox 156 2882 232 2943; x_wconf 85' lang='lat' dir='ltr'>velut</span> <span class='ocrx_word' id='word_1_180' title='bbox 240 2903 353 2964; x_wconf 74' lang='lat' dir='ltr'>magnas</span> <span class='ocrx_word' id='word_1_181' title='bbox 364 2883 470 2943; x_wconf 89' lang='lat' dir='ltr'>domiui</span> <span class='ocrx_word' id='word_1_182' title='bbox 481 2902 545 2942; x_wconf 90' lang='lat' dir='ltr'>cum</span> <span class='ocrx_word' id='word_1_183' title='bbox 558 2880 651 2940; x_wconf 83' lang='lat' dir='ltr'>divitia</span> <span class='ocrx_word' id='word_1_184' title='bbox 659 2880 729 2941; x_wconf 74' lang='lat' dir='ltr'>edes</span> 
     </span>
     <span class='ocr_line' id='line_1_30' title="bbox 52 2974 748 3062; baseline -0.001 -23"><span class='ocrx_word' id='word_1_185' title='bbox 52 2977 192 3050; x_wconf 83' lang='lat' dir='ltr'>Pervolat,</span> <span class='ocrx_word' id='word_1_186' title='bbox 210 2982 342 3062; x_wconf 82' lang='lat' dir='ltr'>&amp;penult</span> <span class='ocrx_word' id='word_1_187' title='bbox 355 2981 410 3044; x_wconf 82' lang='lat' dir='ltr'>alta</span> <span class='ocrx_word' id='word_1_188' title='bbox 420 2979 489 3042; x_wconf 90' lang='lat' dir='ltr'>atria</span> <span class='ocrx_word' id='word_1_189' title='bbox 498 2979 599 3050; x_wconf 75' lang='lat' dir='ltr'>iuuat,</span> <span class='ocrx_word' id='word_1_190' title='bbox 620 2974 748 3049; x_wconf 65' lang='lat' dir='ltr'>mando,</span> 
     </span>
    </p>
   </div>
   <div class='ocr_carea' id='block_1_3' title="bbox 78 3067 873 3135">
    <p class='ocr_par' dir='ltr' id='par_1_13' title="bbox 78 3067 873 3135">
     <span class='ocr_line' id='line_1_31' title="bbox 78 3067 873 3135; baseline -0.003 -4"><span class='ocrx_word' id='word_1_191' title='bbox 78 3069 168 3133; x_wconf 71' lang='lat' dir='ltr'>Tou.</span> <span class='ocrx_word' id='word_1_192' title='bbox 180 3073 211 3134; x_wconf 90' lang='lat'>11</span> <span class='ocrx_word' id='word_1_193' title='bbox 452 3072 480 3132; x_wconf 89' lang='lat' dir='ltr'>R</span> <span class='ocrx_word' id='word_1_194' title='bbox 699 3128 705 3135; x_wconf 93' lang='lat'>.</span> <span class='ocrx_word' id='word_1_195' title='bbox 768 3067 873 3131; x_wconf 81' lang='lat' dir='ltr'>Pabula</span> 
     </span>
    </p>
   </div>
   <div class='ocr_carea' id='block_1_4' title="bbox 0 0 1028 3488">
    <p class='ocr_par' dir='ltr' id='par_1_14' title="bbox 0 0 1028 3488">
     <span class='ocr_line' id='line_1_32' title="bbox 0 0 1028 3488; baseline 0 4"><span class='ocrx_word' id='word_1_196' title='bbox 0 0 1028 3488; x_wconf 95' lang='lat' dir='ltr'> </span> 
     </span>
    </p>
   </div>
  </div>
 </body>
</html>
