2048 3488
143 142 205 248 9&
274 141 832 232 PL'VrrorurrMurr·o.r'ti.r

148 285 256 350 Adfiso
268 285 389 357 tandem,
408 291 435 345 ἀ
447 287 561 366 propius
571 300 619 349 tua
627 293 741 354 numina
751 297 852 363 firmes,
877 289 901 297 ”
951 295 975 349 “”.

148 383 195 445 Sic
204 395 350 451 memorat,
375 378 551 461 geminasque
563 380 631 461 legit
643 382 768 455 declaffe
783 391 913 468 biremes,

147 483 334 563 Remigioque
345 494 421 562 aptat
431 505 441 550 ς
461 479 548 540 socios
560 480 640 550 {unul
652 484 758 547 instruit
768 494 861 556 armis.
932 503 973 559 86

146 578 221 640 Ecce
231 591 324 640 autem
331 578 452 653 subitum
464 591 547 657 atque
559 578 646 638 oculis
658 583 784 646 mirabile
796 592 968 660 monstrum

148 675 275 736 eandida
287 696 336 757 per
345 676 440 737 srlvarn
452 696 517 735 eum
526 674 596 736 foetu
606 679 738 740 concolor
748 683 814 745 albo

135 771 305 841 Procubuit,
325 769 461 850 viridique
472 770 502 830 in
515 770 596 830 litore
608 771 776 853 conspicitur
783 775 842 837 sue:
863 778 866 783 ’

145 873 418 954 QiampiurAEnear
436 871 486 929 tibi
497 872 582 940 enim,
599 871 661 943 tibi,
681 876 804 936 maxima
815 880 900 956 Juno,

145 975 262 1042 Macrat,
275 970 349 1030 saera
357 968 455 1036 ferens,
468 973 495 1028 δι
509 987 574 1028 curu
584 989 668 1050 grege
680 971 744 1031 sistit
754 973 790 1033 ad
800 994 886 1036 aram.
926 980 967 1057 85-

144 1071 250 1150 Tybris
261 1089 293 1129 ea
304 1068 430 1136 fluvium,
451 1086 537 1147 quam
549 1066 633 1146 longa
651 1071 697 1139 est,
717 1074 798 1132 notre
811 1082 964 1137 tumentem

146 1169 250 1238 Leniit,
268 1167 383 1227 &tacita
395 1166 511 1225 refluens
523 1166 561 1224 ita
572 1163 686 1226 substitit
696 1167 768 1227 unda
775 1193 785 1235 ς
900 1211 903 1215 «

144 1265 229 1327 Miris
239 1279 270 1324 ut
278 1265 307 1323 in
319 1282 425 1324 morem
443 1264 527 1343 stagni
539 1264 711 1344 placidaque
721 1265 828 1344 paludis

145 1362 283 1425 Sterneret
294 1382 388 1442 aequor
401 1363 489 1442 aquis,
509 1381 587 1422 remo
600 1375 631 1420 ut
640 1362 779 1421 lutiamen
796 1364 904 1428 abeffet.

144 1465 221 1544 Ergo
232 1464 285 1523 iter
292 1463 434 1542 inceptum
446 1461 565 1522 celerant
574 1475 686 1520 'rumore
698 1459 835 1524 secundo:
921 1487 962 1548 90

143 1558 261 1618 Labitur
273 1558 354 1616 untia
364 1555 441 1616 vadis
454 1555 528 1614 abies
542 1576 550 1612 :
570 1553 705 1614 mirantur
714 1560 742 1614 δι
754 1554 846 1628 unda,

141 1656 264 1717 Miratur
275 1674 372 1716 nemus
383 1652 518 1714 insuetum
528 1652 663 1733 fulgentia
681 1654 766 1733 longe

142 1751 227 1810 Scuta
237 1750 339 1817 virum,
355 1746 440 1807 fluvio
452 1746 590 1825 piiiasque
601 1747 698 1807 inuare
707 1746 822 1808 carina.
908 1786 910 1793 =

142 1846 203 1906 Olli
212 1844 330 1924 remigio
341 1844 505 1919 nouemque
516 1841 645 1919 diemque
656 1838 782 1921 fatigant,

140 1941 179 2002 Et
187 1941 286 2018 longos
297 1936 424 2016 superant
434 1935 531 2001 flexus,
550 1935 684 2015 variisque
697 1951 828 2016 teguntur
903 1946 957 2018 '95

138 2037 305 2105 Arboribus,
323 2032 475 2114 viridesque
486 2035 575 2094 serant
584 2034 692 2114 placido
704 2055 814 2114 aequore
824 2033 915 2097 filvar.
929 2064 932 2070 ·

55 2137 58 2143 “
181 2139 230 2199 Sol
241 2135 364 2197 medium
376 2135 440 2195 coeli
452 2135 745 2215 conscenderatigueur
755 2135 861 2206 orbem,

139 2242 215 2303 Cum
228 2256 331 2308 muros,
349 2257 494 2317 arcemque
501 2237 607 2317 procul,
626 2243 652 2297 tr
664 2257 725 2296 rara
739 2237 890 2297 domorum

138 2330 229 2397 'reita
238 2336 342 2405 vident,
367 2355 429 2414 quae
437 2353 510 2393 nunc
520 2335 647 2392 Romana
656 2334 779 2412 potentia
787 2333 860 2394 coelo

137 2436 292 2515 AEquavit:
311 2448 373 2495 tum
384 2454 426 2494 res
444 2435 540 2512 inopes
549 2432 691 2495 Evandrus
702 2433 829 2494 habebat.
898 2452 957 2496 100

137 2533 380 2595 Ociuradvertunt
390 2552 493 2611 proras,
512 2531 628 2610 urbique
640 2532 836 2611 propinquanti

137 2633 221 2692 Forte
229 2628 274 2689 die
282 2625 421 2687 solennem
430 2627 479 2687 iilo
488 2647 538 2687 rex
546 2628 632 2686 Arcas
640 2628 775 2687 bonorem

136 2722 395 2806 Amphitryoniadae
411 2743 514 2802 magno
526 2723 649 2804 divisque
664 2724 793 2794 ferebat·
909 2766 912 2771 -

134 2809 210 2889 Ante
222 2823 317 2883 urbem
332 2821 451 2882 inbuto.
470 2823 630 2884 Pailasbuic
641 2823 714 2884 filius
726 2843 792 2894 uua,
943 2898 945 2904 y

135 2929 203 2988 Una
211 2923 448 3002 omnerjurenum
456 2923 550 3004 primi,
568 2942 727 3004 pauperque
739 2924 855 2996 senatur,
897 2942 952 3006 ¹05

133 3027 234 3096 Thura
249 3020 372 3094 dabautr
396 3021 650 3116 tepidusquetruor
659 3021 911 3086 fumabatadarar.
949 3054 955 3063 ·
