2048 3488
213 106 258 183 16
353 105 628 181 P.·thortrr
652 106 880 187 Menours

213 244 251 303 Et
260 243 369 322 paribus
377 241 480 322 palmas
492 243 636 302 amborum
648 244 772 307 innexuit
782 249 874 308 armis.

215 342 343 405 Constitit
355 341 384 399 in
396 340 498 420 digitos
512 342 649 421 extemplo
661 349 777 405 aneon
785 361 940 429 uterqqe,

214 440 380 520 Brachioque
387 436 422 496 ad
434 438 541 516 superas
552 439 689 500 interritus
700 443 797 502 extulit
809 463 904 507 auras,

215 533 363 594 Abduxere
377 545 449 590 retro
460 531 544 610 longe
554 533 644 611 capita
654 533 738 592 ardua
749 535 785 594 ab
793 537 867 595 ictu:

215 628 425 705 ltntniscentque
436 647 531 687 manus
543 627 678 698 manibus,
697 649 873 709 pugnamque
885 630 895 689 l

215 727 268 788 Ille
287 724 388 806 pedum
404 723 502 782 melior
510 739 597 794 motu,
617 711 753 803 fretusque
764 727 892 803 juventa:
1008 735 1024 751 “

216 825 275 886 Hic
293 820 422 881 membris
444 825 469 877 δι
481 820 555 878 mole
567 818 679 887 valens:
697 821 829 900 sedtarda
839 837 934 882 treme
941 860 1005 899 „0-

215 926 318 984 Genua
327 919 437 978 labant:
457 918 542 978 vastos
554 918 642 995 quatit
654 938 724 1004 aeger
734 920 867 979 anhelitus
877 934 962 983 artus.

217 1018 311 1079 Multa
324 1014 376 1074 viri
388 1013 571 1092 nequicquam
582 1015 653 1074 inter
660 1015 686 1074 se
698 1017 928 1094 vulnerajudlant,

217 1113 311 1177 Multa
317 1129 386 1170 cavo
397 1109 473 1167 lateri
485 1109 664 1188 ingeminant,
683 1117 708 1170 δι
720 1114 829 1190 pectore
842 1112 928 1171 vastos
943 1166 946 1172 .

218 1199 297 1273 Dant
308 1207 419 1274 sonitus,
436 1221 560 1284 erratque
570 1226 646 1266 aures
656 1214 682 1265 dc
699 1222 822 1288 tempora
836 1209 941 1268 circum

217 1304 322 1366 Crebra
334 1321 444 1360 manus:
462 1299 532 1385 duro
544 1301 677 1379 crepitant
687 1300 735 1361 sub
747 1301 858 1363 vulnere
869 1301 958 1364 malae.

219 1406 278 1463 Stat
289 1399 378 1481 gravis
396 1397 528 1467 Entellus,
547 1398 658 1477 nisuque
671 1399 800 1459 immotus
811 1390 923 1472 eodem,
1007 1444 1011 1451 -

218 1501 343 1578 Corpore
355 1495 409 1555 tela
420 1493 505 1554 modo
514 1507 597 1572 atque
615 1495 701 1554 oculis
712 1495 887 1577 vigilantibus
898 1497 967 1560 exit.

217 1599 280 1669 ille,
299 1597 374 1656 velut
390 1593 487 1654 celsam
499 1608 641 1674 oppugnat
653 1595 701 1674 qui
712 1595 831 1660 molibus
843 1595 950 1665 urbem,

218 1693 414 1753 Autnrontana
423 1683 493 1743 sedet
502 1685 715 1747 circumcastella
724 1688 772 1747 sub
785 1688 882 1758 armis3
967 1709 1022 1775 44.

217 1788 304 1846 Nunc
322 1785 382 1850 hos,
401 1798 473 1840 nunc
485 1779 547 1838 illos
558 1780 655 1852 aditus,
678 1802 844 1865 omnemque
855 1802 975 1867 pererrat

218 1885 289 1944 Arte
300 1880 402 1944 locum,
422 1875 537 1934 &variis
549 1875 685 1937 affultibus
701 1879 791 1940 irritus
801 1899 889 1961 urget.

218 1975 344 2058 Ostendit
354 1973 477 2057 dextram
484 1969 622 2051 insurgens
631 1973 763 2046 Entellus,
782 1978 872 2036 &alte

218 2069 342 2131 Extulit:
360 2064 407 2124 ille
423 2064 506 2122 ittun
516 2065 669 2125 venientem
680 2087 697 2126 a
708 2067 808 2128 vertice
819 2069 901 2134 velox

218 2161 357 2230 Praevidit,
375 2158 510 2237 celerique
521 2157 624 2237 elapsus
633 2178 749 2240 corpore
760 2163 840 2223 cellit.
878 2196 889 2211 ι
968 2182 1024 2246 44,

218 2259 343 2323 Entellus
352 2257 421 2318 vires
433 2257 462 2315 in
473 2269 584 2316 ventum
597 2255 702 2326 effudit,
721 2258 830 2321 &ultro

218 2355 280 2435 Ipse
292 2352 381 2434 gravis
393 2351 564 2432 graviterque
577 2349 611 2410 ad
623 2365 721 2413 terram
733 2354 854 2434 pondere
865 2355 939 2421 vasto

219 2449 366 2513 Concidit:
387 2462 417 2506 ut
428 2447 567 2526 quondam
578 2469 645 2510 cava
653 2451 783 2523 concidit,
792 2467 840 2512 aut
848 2452 1020 2530 Erymantho

220 2560 281 2620 Aut
293 2552 343 2614 Ida
351 2551 380 2609 in
393 2569 504 2630 magna,
522 2550 656 2612 radicibus
669 2568 744 2614 eruta
755 2554 846 2637 pinus.

221 2650 396 2728 Consurgunt
408 2647 499 2707 studiis
510 2650 614 2709 Teucri
626 2651 804 2715 &Trinacria
815 2651 917 2732 pubes:
930 2686 937 2696 ·
968 2673 1023 2736 45.

219 2756 248 2819 It
260 2751 364 2822 clamor
375 2747 456 2815 coelo,
485 2748 640 2827 primusque
653 2752 769 2811 accurrit
780 2753 898 2821 Acestes,

220 2852 440 2930 AEqwqte
447 2844 485 2904 ab
492 2845 578 2906 huno
590 2846 716 2907 miserans
725 2849 827 2908 attollit
839 2849 969 2910 amicum.

149 2990 152 2995 -
219 2950 260 3010 At
272 2962 329 3005 non
341 2927 460 3008 iardatus
468 2939 539 3013 casu,
559 2962 647 3025 neque
664 2944 769 3009 territus
781 2943 880 3008 heros:
936 3019 939 3025 Ι
1013 3021 1020 3029 ,

931 3042 1016 3106 Actio
