2048 3488
273 139 770 225 AEunrnoeruruXII.
841 152 914 237 237

99 287 251 372 Quodeur,
269 295 296 349 δι
308 305 366 368 quo
377 285 539 347 duravocat
550 283 669 352 fortuna,
687 272 842 362 sequemur.

100 394 161 452 Stat
172 388 297 450 conferre
305 406 417 448 manum
426 387 545 447 AEneae:
562 385 620 454 stat,
629 380 765 462 quidquid
771 376 916 447 acerbieii,

100 487 197 548 Morte
206 485 276 566 poti:
296 504 347 544 nec
357 503 405 542 me
416 481 584 549 indeoorern,
602 497 742 558 germana,
760 473 866 536 videbit

100 578 240 658 Amplius.
259 580 343 646 hunc,
361 597 423 648 oro,
443 577 500 635 stne
510 594 555 634 me
565 573 656 633 furere
668 586 732 632 ante
743 571 874 631 furorem.

139 676 230 747 Dixit,
248 683 275 737 δι
289 695 394 736 econu
406 674 503 735 saltum
511 671 587 732 dedit
599 671 676 732 ocior
688 671 773 730 urvis:
854 665 910 728 681

100 775 205 856 Perque
217 777 313 845 hoster,
330 795 380 856 per
391 774 445 835 tela
452 775 515 843 mit,
535 773 712 851 incestamque
722 770 843 830 sororem

99 869 219 941 Deserit,
236 891 269 931 nc
280 870 377 950 rapido
390 869 466 930 cursu
478 867 569 928 media
579 867 690 946 agmina
701 866 814 945 rumpit.

100 974 147 1032 Ac
159 971 243 1031 veluti
253 972 355 1031 montis
366 969 460 1030 sexum
467 969 503 1029 de
512 968 612 1028 vertice
624 987 744 1046 praecept

101 1069 178 1130 Cum
191 1069 257 1140 ruit,
274 1069 396 1130 avolsum
409 1084 501 1140 vento,
519 1068 565 1129 seu
575 1066 798 1128 turbidueinrber
854 1066 912 1147 685

99 1167 216 1238 Proluit,
234 1181 282 1227 aut
292 1168 370 1228 annis
377 1167 456 1229 solvit
464 1166 586 1246 sublapsa
597 1168 725 1234 vetustior

98 1262 199 1321 Fertur
208 1259 389 1339 inabruptum
403 1280 504 1341 magno
516 1280 596 1331 mont
608 1258 749 1338 improbus
759 1261 832 1332 aihu,

99 1354 354 1435 Exsultatquesolo,
374 1356 461 1424 silvas,
478 1368 612 1424 amento,
630 1354 769 1435 virosque,

99 1452 248 1513 Involvens
259 1453 364 1513 secum:
383 1450 493 1531 disjeiia'
504 1452 672 1531 peragminu
680 1453 792 1512 Tumor

101 1549 148 1611 sic
160 1551 234 1612 urbis
246 1552 301 1612 ruit
309 1550 344 1610 ad
357 1569 459 1618 muros,
478 1547 526 1607 ubi
535 1549 720 1627 plurimafuso
851 1549 911 1632 690

101 1648 240 1728 Sanguine
251 1645 430 1716 terramadet,
450 1644 613 1724 stridentque
624 1646 856 1717 hastilibuseurae3

100 1739 296 1820 significatque
307 1760 400 1810 manu,
411 1746 437 1800 δι
449 1758 551 1817 magno
563 1737 641 1798 simul
650 1738 747 1818 incipit
757 1759 805 1800 ore
815 1762 824 1799 τ
835 1802 838 1809 ,

98 1833 203 1894 Parcite
212 1834 282 1912 jam,
300 1831 407 1901 Rutuli,
424 1839 450 1892 δι
462 1851 524 1898 vos,
542 1834 596 1892 teia
603 1831 733 1902 inhibete,
750 1833 854 1896 Latini.

100 1928 455 2007 Qaecunqueestfortuna,
472 1929 599 1989 meoest:
618 1947 663 1987 rue
673 1930 761 1991 verius
775 1950 860 1993 uuum

98 2026 154 2087 Pro
167 2025 246 2086 vobin
258 2024 348 2085 fedus
357 2024 443 2094 luere,
460 2030 486 2083 δι
496 2024 639 2085 decernere
647 2026 730 2086 ferro.
849 2025 907 2109 695

100 2120 248 2183 Disceffere
259 2121 457 2190 ornneeutedii,
477 2120 647 2200 spatiumque
655 2121 759 2186 dedere

140 2215 266 2294 Atpnter
284 2215 395 2284 AEnear,
413 2213 507 2274 audito
520 2214 632 2273 nomine
640 2215 741 2285 Turni,

100 2311 247 2376 Deserit&
256 2332 361 2382 muros,
380 2319 406 2372 δι
418 2311 536 2372 summas
546 2312 644 2372 deserit
653 2331 738 2383 arcet,
794 2342 801 2364 .-

97 2407 306 2487 Praecipitatque
316 2427 529 2468 morasomner:
547 2426 630 2487 opera
637 2411 730 2468 omnia
740 2411 854 2490 rumpit,

100 2502 210 2562 Laetitia
220 2502 362 2573 exsultans,
381 2502 602 2582 horrendumque
610 2504 717 2565 intonat
725 2507 823 2568 aruir:
852 2530 909 2588 70⁰

100 2598 227 2677 Quotus
239 2601 338 2669 Athos,
358 2615 533 2679 autquantus
546 2602 631 2679 Eryx,
650 2617 697 2662 aut
708 2602 774 2682 ipse,
793 2608 910 2670 corusci·

100 2695 176 2756 Cum
186 2695 279 2763 fremit
290 2697 408 2767 ilicibus,
420 2712 547 2776 quantus,
566 2697 730 2778 gaudetque,
742 2700 832 2762 nivali

99 2800 211 2860 Vertice
219 2799 246 2860 se
257 2799 382 2860 attollens
391 2812 467 2878 pater
477 2800 775 2879 Apenninueadaurae.

99 2899 163 2976 Jam
175 2916 241 2957 vero
253 2903 278 2957 ει
292 2896 389 2956 Rutuli
401 2898 535 2968 certatim,
554 2905 580 2958 ει
589 2900 689 2969 Tro'e's,
708 2905 734 2959 &
745 2919 842 2965 omnen

99 2993 266 3057 Convertere
274 2993 440 3060 oculoeItali
450 3019 460 3066 3
479 2996 644 3080 quiquealto
655 2997 783 3067 tenebant
824 3076 833 3089 .
853 3020 911 3084 703

796 3096 915 3172 Murrio,
1003 3126 1018 3209 ¹
