2048 3488
102 143 150 222 68
231 142 523 224 P.V1ncrni1
551 144 780 233 Minonis

101 282 229 361 Corpora
239 282 287 341 sub
298 284 381 341 ramis
392 283 535 363 deponunt
546 287 651 348 arboris
663 290 737 360 altre,

102 379 302 458 Instituuntque
313 378 404 457 dapes,
424 387 450 439 &
463 381 561 441 adorea
573 384 628 444 liba
640 406 690 464 per
707 387 821 449 herbam
841 397 845 403 '

103 475 361 556 Subjiciuntepulis,
376 476 411 536 fic
420 477 527 556 Jupiter
538 479 594 559 ipse
602 482 742 554 monebat,
863 502 871 545 1

103 576 142 635 Et
153 577 266 634 Cereale
276 573 365 633 solum
377 575 466 652 pomis
475 577 620 654 agrestibus
632 593 743 658 augent.

104 671 280 751 Consumptis
293 671 338 730 hic
348 670 419 729 forte
431 671 500 739 aliis,
519 688 550 732 ut
562 687 665 733 vertere
677 673 783 736 morsus

103 770 242 849 Exiguam
253 769 284 827 in
296 769 424 827 Cererem
435 770 548 846 penuria
555 769 647 850 adegit
662 770 772 843 edendi,

102 864 142 925 Et
150 866 252 924 violare
265 882 348 922 manu
361 860 492 940 malisque
507 864 655 923 audacibus
666 865 762 925 orbem
830 906 837 913 -

105 962 206 1022 Fatalis
218 960 306 1028 crusti,
327 958 425 1036 patulis
437 978 489 1018 nec
498 980 609 1037 parcere
621 962 750 1040 quadrie3
766 1008 769 1013 .
864 982 871 1023 t

104 1060 203 1121 Heus!
224 1057 306 1117 etiam
317 1054 420 1113 mensas
430 1054 622 1127 consumimus,
642 1060 833 1138 inquitlilm,

105 1155 268 1234 Necplura,
287 1150 420 1211 alludens.
440 1172 473 1211 ea
482 1172 537 1213 vox
546 1153 637 1213 audita
647 1155 773 1216 laborum

106 1253 200 1313 Prima
211 1252 274 1323 tulit
284 1251 378 1319 finem,
405 1249 577 1328 primamque
589 1251 726 1329 loquentia
739 1252 775 1313 ab
783 1273 832 1314 ore

108 1349 218 1426 Eripuit
227 1363 315 1428 pater,
333 1367 366 1406 ac
380 1345 540 1425 stupefactus
553 1349 665 1407 numine
674 1352 775 1428 preffit.

110 1453 263 1520 Continuo,
287 1449 358 1510 salve
371 1449 432 1508 fatis
446 1449 515 1507 mihi
527 1447 619 1508 debita
632 1450 722 1521 tellus,
761 1490 767 1501 ·

107 1544 230 1625 Vosque,
249 1545 298 1615 ait,
319 1544 397 1603 olidi
405 1544 500 1620 Trojae
512 1541 612 1603 salvete
622 1546 750 1607 Penates..

107 1642 166 1703 Hic
173 1642 281 1710 domus,
288 1642 346 1701 haec
353 1641 440 1720 patria
449 1641 494 1700 est.
514 1641 622 1720 genitor
631 1641 780 1711 mihitalia,
800 1662 871 1703 nanu

107 1736 195 1798 Nunc
207 1749 313 1815 repeto,
325 1734 456 1794 Anchises
468 1734 588 1794 fatorum
600 1755 697 1796 arcana
707 1735 837 1813 reliquit:

108 1829 234 1898 comte,
252 1843 326 1898 nate,
344 1826 430 1887 sames
441 1828 537 1907 ignota
548 1828 585 1886 ad
596 1827 678 1888 litora
689 1829 798 1895 vectum

108 1930 212 1991 Accifia
221 1942 302 2007 coget
310 1926 423 2006 dapibus
436 1928 592 1989 consumere
604 1929 727 1997 mensure

107 2028 188 2087 Turn
203 2025 307 2104 sperare
316 2024 412 2085 domos
421 2024 542 2095 defessus,
561 2018 656 2106 ibique
667 2028 806 2086 memento

106 2123 201 2184 Prima
210 2122 301 2181 locare
319 2141 402 2180 manu
415 2122 560 2201 molirique
573 2142 672 2202 aggere
684 2124 764 2182 tesia.

106 2221 179 2282 Hac
189 2233 246 2280 erat
257 2219 307 2279 illa
315 2219 401 2280 samer
414 2240 423 2279 ι
448 2219 507 2278 haec
518 2237 569 2278 nos
580 2216 703 2296 suprema
714 2219 854 2291 manebat,

107 2316 205 2377 Exiliis
216 2316 335 2396 politura
348 2314 473 2374 modum.
670 2380 672 2384 Α

107 2416 199 2494 Qare
208 2414 293 2494 agite,
318 2420 344 2474 dc
355 2416 447 2493 primo
458 2412 514 2472 laeti
522 2431 586 2471 cum
594 2411 699 2471 lumine
709 2409 782 2483 solie,
846 2480 849 2485 ,
864 2432 871 2474 t

106 2514 179 2592 Qrae
190 2512 261 2581 loc'a,
279 2513 361 2590 quive
370 2512 486 2571 habeant
495 2511 629 2580 homiues,
648 2509 696 2569 ubi
708 2509 871 2592 moeniagen

105 2608 286 2687 vestigemus,
318 2607 723 2686 &aportudiversapetamua

106 2706 192 2765 Nunc
199 2717 304 2783 pateras
313 2703 396 2762 libate
408 2705 482 2782 Jovi‚
502 2702 678 2782 precibusque
688 2713 788 2762 vocate

106 2802 244 2864 Anchisen
256 2803 418 2882 genitorem,
438 2809 464 2861 δε
476 2803 542 2862 vina
553 2802 680 2882 reponite
690 2800 799 2860 mensus.

107 2899 153 2958 Sic
164 2894 264 2955 deinde
283 2894 379 2953 effatus
397 2893 535 2975 frondenti
547 2907 671 2974 tempora
682 2911 762 2953 ramo
775 2914 778 2918 ·
861 2910 871 2952 ι

103 2994 244 3085 implicat,
269 2998 297 3073 le
317 2991 483 3076 geniumque
499 2991 565 3065 loci,
584 2992 758 3074 primamque
770 2988 871 3061 deoruu
