2048 3488
169 188 234 263 152
300 166 848 255 P.V1nort11Mnnorrrs
910 212 913 219 ·

169 302 256 365 Haud
264 302 372 363 licitum
385 303 431 372 est,
450 322 501 364 nec
514 305 601 365 vestra
608 308 683 387 cupit
692 310 829 373 discordie
839 312 927 375 finem
936 330 949 374 τ

171 402 242 476 Quae
266 400 366 481 cuique
387 400 425 461 est
445 398 557 461 fortuna
567 401 660 476 hodie,
692 428 777 487 quam
789 408 914 493 quisque
922 408 989 473 feret

249 496 336 578 spem,

171 595 248 656 Troe
259 593 411 656 Rutulusne
422 594 490 666 furt,
509 595 587 657 nollo
598 596 898 668 discriminehabeboz
973 596 977 601 ’

172 692 798 770 Seufatisltrlumeastraobfidionetenentur,
896 740 899 745 -

171 786 237 846 Sive
247 804 339 846 errore
349 784 425 846 mlo
435 786 541 865 Trojae‚
560 788 726 869 monitisque
733 789 852 853 finistrir.
884 826 887 833 ·
939 812 991 857 ne

174 887 239 948 Nec
251 885 369 946 Rumlot
380 885 469 948 solvo.
503 884 550 946 sua
561 887 661 967 cuique
677 887 773 948 exorta
787 890 920 953 leboretn

173 983 378 1058 Fortunamque
385 978 485 1040 ferent.
518 1000 567 1041 rex
576 982 818 1062 Jupiteromnibur
828 984 917 1049 idem.

173 1076 243 1135 Fata
254 1072 330 1132 viam
343 1070 494 1133 invenient.
513 1072 603 1152 Stygii
614 1090 666 1153 per
676 1073 790 1135 flumina
799 1076 908 1151 sutrio,
948 1112 953 1119 ·
1003 1090 1006 1097 '

175 1173 227 1232 Per
238 1168 301 1248 pice
323 1181 455 1229 torrentes
472 1181 586 1249 atraque
596 1169 728 1250 voragire
737 1171 823 1250 ripun,

176 1266 293 1334 Annuit,
312 1270 338 1324 δι
350 1277 440 1324 totum
449 1277 517 1324 nutu
525 1263 678 1324 tremefecit
686 1264 856 1345 Olympum.
942 1290 975 1333 rr
977 1290 993 1353 5

176 1363 235 1424 Hic
246 1362 308 1421 finis
320 1360 407 1421 fandi.
427 1359 496 1422 solio
508 1374 569 1420 tum
584 1360 689 1439 Jupiter
699 1380 786 1421 aureo

175 1460 279 1540 Surgit,
301 1457 434 1519 coelicolae
446 1457 569 1518 medium
582 1476 666 1536 quem
678 1456 714 1517 ad
725 1457 824 1519 limine
834 1458 957 1525 ducunt.

214 1560 323 1618 interea
334 1555 431 1617 Rutuli
443 1555 530 1636 portio
541 1555 646 1616 circum
658 1555 786 1615 omnibus
798 1546 904 1641 inflant

175 1656 300 1715 Sternere
307 1650 382 1712 caede
393 1650 478 1719 uiros,
497 1655 523 1710 δι
534 1649 637 1709 moeniu
647 1649 759 1729 cingere
770 1650 905 1715 flammis.

174 1754 309 1833 Astlegio
321 1749 477 1811 AEneadum
488 1749 675 1810 vallitobseffa
686 1764 811 1811 tenetur:
939 1776 993 1819 120

173 1849 238 1908 Nec
245 1849 303 1929 spes
314 1848 372 1906 ulia
384 1847 464 1926 fugae.
485 1845 575 1905 miseri
587 1847 655 1906 stant
664 1846 853 1909 turriburnltiu

174 1941 380 2019 Nequicquam,
399 1946 492 1999 &rara
501 1959 594 1999 muros
606 1941 717 2001 cinxere
727 1960 854 2003 corones

174 2035 433 2107 Afiuslmbrafides,
452 2036 687 2116 Hicetaoniusque
695 2037 874 2116 Thyrum,

138 2134 140 2139 ’
173 2134 348 2213 Assaracique
361 2131 427 2217 duo,
446 2138 472 2192 δι
484 2133 572 2193 senior
583 2152 648 2193 cum
657 2134 918 2215 Castorc'l’lrybr're‚

173 2231 266 2291 Prima
277 2230 357 2290 acies.
377 2231 436 2299 hoo,
450 2230 572 2310 germani
585 2230 745 2309 Sarpedonis
757 2230 854 2303 ambo,
906 2258 915 2269 ·
944 2258 994 2321 ¹²5

173 2332 210 2389 Et
224 2329 331 2400 Clarus,
349 2329 520 2397 &Haemum
540 2330 628 2406 Lycia
639 2329 806 2388 comitantur
816 2331 854 2393 nb
866 2334 938 2399 alta,

172 2423 237 2482 Fert
248 2424 353 2502 ingens,
364 2437 423 2483 toto
434 2422 559 2482 connisus
568 2442 694 2502 corpore,
706 2422 819 2493 saxum,

173 2514 258 2576 Haud
270 2532 374 2594 partem
386 2518 513 2594 exiguam
526 2516 638 2589 montis,
658 2517 804 2595 Lyrncsrut
815 2521 949 2596 Acmon,

172 2607 235 2667 Nec
249 2607 344 2684 Clytio
353 2608 476 2685 genitore
488 2612 590 2681 minor,
611 2632 662 2671 nec
673 2612 757 2671 fratre
769 2613 950 2681 Menestheo.

173 2701 215 2760 Hi
223 2699 331 2777 jaculis,
350 2700 390 2758 ilii
403 2716 507 2760 certant
514 2703 660 2763 defendere
672 2702 750 2772 sartis,
942 2734 992 2795 ¹3⁰

172 2795 325 2874 Molirique
331 2795 435 2874 ignem,
454 2816 596 2877 nervoque
606 2814 698 2876 aptare
709 2798 829 2877 sagittet.

171 2893 185 2949 1
188 2891 233 2968 pse
242 2892 312 2950 inter
323 2891 438 2961 medios,
458 2895 573 2954 Veneris
581 2896 799 2972 justiffimacum,
888 2948 893 2959 .

173 2986 327 3049 Dardanius
339 3004 430 3067 caput,
440 3010 513 3062 ecce,
527 3012 595 3072 puer
607 2991 726 3053 detectus
737 2991 908 3061 honestum:

890 3100 991 3181 Qu,
