2048 3488
207 89 457 230 immons
480 143 639 225 Lrir'u
658 148 741 227 XII.
816 145 885 249 ‘233

70 295 216 364 Duuorer,
234 289 427 368 tumulumque
437 288 519 369 capit,
538 309 595 368 quo
607 303 703 349 caetera
715 289 857 351 Teucrum

69 391 324 471 Concurritlcgio:
344 408 395 448 nec
404 386 488 457 scuta,
505 401 553 448 aut
561 385 664 467 spicula
675 387 750 448 densr
822 392 825 397 ’

70 487 234 567 Deponunt.
254 480 325 543 celso
338 480 443 540 medius
455 480 524 540 stans
535 500 635 560 aggere
646 480 740 540 satur!

70 579 119 640 Ne
133 601 188 661 qua
197 579 264 639 meis
277 576 417 638 estodiciis
429 595 515 636 mora.
537 576 643 655 Jupiter
652 576 704 636 hac
712 576 775 636 stat:
825 574 881 657 565

69 678 136 740 Neu
146 680 208 759 quis
219 678 257 738 ob
269 677 409 756 inceptum
422 674 540 734 subitum
553 674 621 732 mihi
633 674 740 754 segnior
749 674 799 736 ito.
830 676 832 681 '

68 776 179 837 Urbem
191 774 282 844 bodie,
303 771 410 832 cansam
420 771 496 849 belli,
515 790 600 851 regna
610 770 668 852 ipsa
677 771 780 840 Latini,

67 868 110 931 NJ
123 867 232 929 frenum
243 866 375 945 accipere,
394 870 422 924 dc
433 864 498 924 victi
509 884 605 945 parere
615 864 743 936 fatentur,

68 965 185 1035 Erum,
204 971 321 1044 &aequa
332 961 390 1023 solo
399 960 532 1022 fumantia
544 962 664 1023 culmina
672 982 783 1044 ponam.

68 1060 180 1121 Scilicet
190 1058 350 1140 exspertem,
371 1057 455 1118 libeat
465 1057 531 1118 dum
544 1059 637 1138 praelia
646 1061 745 1120 Turno
824 1081 882 1142 570

67 1158 170 1219 Nostra
181 1159 248 1238 pati,
266 1156 408 1238 mrsusque
421 1156 489 1217 velit
500 1177 663 1219 concurrere
674 1160 783 1222 victur?

65 1250 134 1312 Hoc
143 1265 234 1332 caput,
254 1253 362 1322 ociver,
382 1254 441 1312 haec
449 1252 514 1312 belli
522 1252 629 1312 summa
640 1252 759 1315 nefandi.

66 1350 146 1409 Ferte
157 1350 231 1410 facer
239 1369 364 1430 propere,
383 1348 525 1428 foedusque
533 1350 664 1429 reposcite
673 1349 799 1414 flammis.

65 1445 199 1508 Dixerat:
220 1460 302 1526 atque
313 1446 411 1506 animis
424 1447 525 1526 pariter
531 1446 695 1507 certantibus
704 1468 799 1511 omner

64 1539 278 1608 Dantcuneum
299 1538 433 1618 densaque
441 1538 476 1599 ad
484 1558 576 1600 muros
585 1540 659 1601 mole
666 1541 800 1609 seruntur.
821 1565 876 1629 575

64 1634 316 1718 Sculaeimprovism
335 1637 490 1720 subitusque
500 1640 625 1718 apparuit
633 1641 715 1721 ignis.

63 1736 227 1798 Discurrunt
238 1736 285 1797 alii
295 1735 329 1795 ad
342 1751 442 1815 portas,
463 1732 619 1816 primosque
630 1737 767 1801 trucidant
776 1766 786 1810 ς

64 1834 178 1894 Ferrum
191 1831 238 1892 alii
252 1847 389 1913 torquent,
408 1839 434 1894 δι
447 1833 613 1893 obumbrant
623 1833 722 1896 aethera
734 1836 806 1898 telis.

61 1929 124 2012 Ipse
132 1931 203 1991 inter
208 1931 311 2011 primos
317 1929 441 1992 dextram
453 1931 502 1991 sub
511 1932 613 1992 moenia
620 1932 708 1994 tendit

61 2028 177 2095 AEnean
186 2047 339 2110 magnaque
351 2030 455 2093 incusat
465 2051 534 2092 voce
546 2032 677 2091 Latinum
688 2057 699 2101 ς
817 2036 874 2116 580

60 2125 243 2207 Testaturque
253 2125 329 2196 deos,
348 2127 447 2189 iterum
461 2126 488 2187 se
500 2127 727 2208 adpraeliacogi;

59 2221 107 2282 Bis
115 2221 174 2299 jam
184 2221 267 2282 Italos
276 2222 372 2292 hostes,
391 2223 450 2282 haec
461 2222 545 2282 astera
556 2221 660 2283 soedern
672 2225 773 2305 rumpi.

57 2317 190 2379 Exoritur
196 2317 317 2398 trepidos
324 2319 396 2379 inter
405 2317 539 2381 discordia
546 2320 637 2380 cives:

57 2416 168 2477 Urbem
176 2417 224 2476 alii
236 2418 353 2480 reserare
360 2420 469 2498 jubent,
488 2427 514 2482 δι
524 2419 642 2501 pandere
648 2432 740 2502 portat

59 2510 243 2580 Dardanium
263 2513 407 2595 ipsumque
416 2516 674 2576 trahuntinmoenia
684 2535 790 2598 regetur
815 2523 869 2602 585

57 2610 147 2670 Arma
157 2610 313 2683 seruntalii‚
333 2620 486 2696 &pergunt
496 2614 642 2675 defendere
655 2633 756 2683 mutua

53 2705 176 2768 Inclusas
185 2722 215 2769 ut
224 2727 289 2769 cum
297 2710 432 2772 latebroso
443 2713 473 2772 in
486 2713 595 2792 pumice
606 2713 696 2793 pastor

54 2801 289 2883 vestigavitapes,
308 2806 441 2888 fumoque
453 2810 579 2889 implevit
586 2830 700 2880 amaror

54 2895 115 2957 111ae
122 2897 199 2960 intur
210 2899 323 2979 trepida
335 2923 426 2964 rerum
438 2925 487 2984 per
495 2925 572 2966 cerea
580 2909 663 2968 castra

53 2993 227 3094 Discurrunt,
246 2996 408 3086 magnisque
419 3018 521 3068 acuunt
533 3004 690 3070 stridoribus
700 3007 764 3068 irus.
813 3024 870 3087 590

72 3114 75 3119 ’
122 3111 127 3119 “
428 3103 455 3163 R
479 3123 494 3184 3
740 3100 878 3164 Vuiuitun
