2048 3488
49 108 95 203 38
187 101 235 172 ·Ρ.
260 96 472 175 Vtuntur
497 96 724 177 Mtnouto

51 228 192 292 Misenum
201 223 351 293 motione
368 225 673 305 quououpraestantior
684 229 753 289 alter
859 250 865 257 ·

52 330 121 390 AEre
132 326 204 386 ciere
220 321 306 391 viros,
325 320 504 399 Martemque
514 321 666 387 accendere
677 338 769 384 cantu.
817 326 870 409 ¹⁶3

53 419 184 483 Hedorie
195 415 241 477 hic
253 413 349 495 magni
361 412 450 473 fuerat
463 432 556 497 ¹cornea
563 439 573 484 ς
592 416 717 477 Ηιᾶοη
727 417 832 479 circum

52 521 91 580 Et
103 517 173 576 lituo
185 531 291 594 pugnas
302 510 415 591 mugnis
426 509 560 573 obibat&
572 511 654 573 ham

54 617 200 695 Postquam
211 611 292 670 illum
304 609 393 670 riftor
402 607 462 669 vita
469 607 737 687 spoliaritAchiliet,

54 715 199 780 Dardanio
203 713 302 775 AEneae
313 708 367 771 sese
378 707 533 769 sortiumur
544 709 626 770 beroa

56 812 207 875 Addiderat
219 809 333 878 socium,
352 826 410 867 non
422 805 554 866 inferiora
563 806 678 869 secutus.
819 828 874 875 tro
912 878 919 889 ,

57 911 111 972 Sed
123 924 193 978 tum,
206 907 278 966 forte
290 923 359 964 cava
368 903 434 963 duur
444 903 570 983 personat
582 925 694 985 aequora
701 906 816 978 coneha,

57 1011 191 1074 Demens,
211 1010 237 1063 δι
245 1015 328 1063 cautu
340 1014 421 1061 vomt
433 1001 463 1059 in
474 1002 624 1062 certamina
636 1003 728 1075 divor,

59 1106 188 1169 AEmulm
197 1115 344 1183 exceptum
354 1101 468 1170 Triton,
487 1100 625 1162 ficredere
636 1102 754 1183 dignum
765 1102 814 1167 est,

59 1208 135 1266 Inter
143 1202 207 1263 saxa
217 1201 308 1259 virum
319 1197 444 1279 spumosa
451 1198 620 1259 immerserat
628 1199 708 1261 unda.

59 1302 136 1380 Ergo
146 1318 242 1357 omnes
252 1314 354 1375 magno
367 1294 472 1355 circum
483 1293 606 1353 clamore
615 1292 768 1355 fremebant
774 1320 784 1364 ;
807 1315 874 1377 -t75

58 1392 199 1469 Praecipue
210 1389 271 1468 pius
281 1389 392 1448 AEueat.
431 1386 567 1463 tumjudsa
579 1386 700 1465 sibylla,

60 1481 146 1544 Haud
155 1501 242 1549 mora,
261 1480 385 1539 festinant
393 1478 497 1547 flentes,
520 1496 652 1558 aramque
663 1479 779 1561 sepulcri

62 1580 219 1657 congerere
230 1572 383 1642 arboribus,
402 1572 530 1652 coeloque
540 1572 655 1634 educere
663 1590 777 1636 certant.

61 1677 121 1734 Itur
130 1674 159 1731 in
165 1672 308 1750 antiquam
315 1667 430 1748 sylvam,
450 1668 552 1729 stabula
563 1669 758 1731 altaserarum:

62 1767 249 1829 Procumbunt
261 1763 364 1843 piceam
382 1762 459 1829 sonat
471 1763 525 1823 idn
533 1762 673 1827 securibus
684 1764 741 1827 ilex
747 1789 759 1834 t
820 1770 897 1835 180-
1023 1783 1024 1792 ¹

62 1864 258 1940 Fraxineaeque
269 1850 370 1949 trabes,
396 1858 491 1921 cuneis
502 1866 528 1920 δι
541 1860 614 1923 fiune
624 1861 710 1922 robur

63 1962 220 2030 Scinditur;
238 1959 389 2020 advolvunt
399 1961 522 2041 ingentes
533 1962 674 2023 montibus
685 1981 777 2025 ornos.

63 2062 184 2121 Necnon
197 2060 300 2119 AEneaa
309 2077 393 2138 opem
401 2059 472 2119 inter
483 2058 549 2119 talia
560 2059 664 2139 primus

64 2159 200 2220 Hortatur
212 2158 308 2227 socios,
328 2156 490 2236 paribusque
503 2157 656 2238 accingitur
667 2158 760 2227 armis,

65 2257 160 2333 Atque
171 2254 229 2313 baec
238 2251 295 2331 ipse
305 2250 506 2313 suotristicum
516 2250 600 2311 corde
608 2252 724 2321 volutat,
824 2259 880 2337 185

64 2351 327 2433 Aspedansiylvam
335 2349 505 2419 immensam,
523 2351 599 2411 &fic
606 2370 655 2413 ore
665 2364 804 2430 precatur:

66 2451 96 2510 Si
113 2470 185 2508 nunc
197 2449 224 2508 se
236 2448 316 2506 nobis
330 2447 378 2509 ille
391 2468 488 2509 aureus
498 2448 597 2511 arbore
609 2469 702 2511 tamus

65 2548 197 2621 Ostendat
205 2566 317 2607 nemore
328 2547 359 2607 iu
370 2549 462 2609 tanto!
483 2547 595 2627 quando
607 2550 701 2610 omnia
707 2568 771 2610 vere

66 2641 133 2701 Heu
146 2639 278 2698 nimium!
292 2636 367 2699 dete
378 2652 463 2708 vates,
482 2637 598 2708 Miseno,
610 2639 704 2701 locuta
714 2640 762 2701 est.

67 2735 124 2796 vix
137 2756 169 2796 ea
181 2737 329 2805 saturent,
348 2735 465 2815 geminae
475 2754 539 2794 cum
552 2734 624 2796 forte
635 2735 772 2799 columba
825 2753 884 2820 ¹90

67 2830 129 2908 Ipsa
141 2830 189 2889 sub
200 2850 248 2889 ora
257 2830 310 2891 viri
323 2831 395 2891 coelo
406 2852 507 2891 venere
519 2832 653 2903 volantes,

68 2933 105 2990 Et
117 2929 197 2989 viridi
210 2927 301 2991 sedere
311 2929 379 2992 solo.
406 2944 467 2991 tum
478 2932 705 3008 manuteneres

301 3028 304 3035 '
738 3028 884 3099 Marone·
