2048 3488
223 170 772 267 rmucruossumsrvr.
845 181 895 280 37

71 311 178 392 Accipe
189 314 252 392 ‘quae
265 307 420 390 peragenda
431 309 514 386 prius.
536 308 602 366 latet
619 305 717 366 arbore
732 325 821 388 opace

68 412 212 468 Aureus&
225 403 332 465 foliis&
341 405 417 463 lento
431 402 535 462 vimine
548 421 650 471 ramus,

66 503 170 582 Junoni
183 501 296 560 infernae
307 500 394 558 diuus
405 496 488 558 secer.
515 498 588 557 hunc
600 498 670 577 tegit
680 495 771 559 omnis

42 594 45 599 ¹
68 607 171 673 Lucus,
191 600 346 661 &obscuris
359 599 491 658 claudunt
503 599 673 659 convallibus
685 600 797 661 umbrae.

67 699 122 759 Sed
135 718 192 757 uun
202 712 266 756 ante
276 695 356 755 datur
369 694 472 753 telluris
482 707 577 771 operta
591 692 688 764 subire,
732 728 736 749 ι
831 701 887 778 1'40

14 858 17 866 ,
66 796 233 855 Auricornos
246 812 330 871 quam
343 791 406 870 quis
417 789 580 871 decerpserit
594 789 691 871 arbore
703 789 795 854 foetus.

67 895 135 954 Hoc
144 895 193 954 fibi
206 891 321 972 pulchra
331 890 409 950 suum
424 889 490 949 ferri
503 890 663 971 Proserpina
670 912 770 954 munus

66 993 194 1052 instituit.
217 992 307 1070 primu
320 989 416 1050 avulso
426 1009 483 1050 non
496 991 587 1050 deficit
596 992 680 1052 alter·

67 1090 186 1160 Aureus,
214 1093 240 1146 δε
252 1088 332 1147 simili
345 1086 492 1147 frondescit
503 1088 582 1168 virga
594 1089 716 1150 metallo.
763 1118 766 1123 ·

66 1187 144 1266 Ergo
151 1186 205 1244 alte
217 1185 317 1263 vestiga
329 1183 425 1252 oculis,
446 1188 471 1240 &
484 1183 535 1241 rite
548 1198 685 1262 repertum
826 1205 880 1270 ¹45

65 1283 157 1361 Carpe
167 1301 249 1339 manu
260 1301 267 1339 :
288 1298 408 1358 namque
418 1277 475 1357 ipse
486 1277 581 1337 volens
593 1278 733 1360 facilisque
744 1281 879 1363 sequetur,

64 1382 95 1439 si
105 1395 132 1438 te
142 1379 199 1438 fata
210 1392 326 1438 vocant:
349 1378 436 1446 aliter,
456 1397 513 1437 non
526 1377 629 1438 viribus
641 1378 704 1439 ullis

63 1472 192 1540 Vincere,
212 1489 262 1528 nec
274 1470 344 1527 duro
357 1470 458 1548 poteris
470 1469 624 1530 convellere
636 1468 718 1532 ferro.

47 1566 50 1575 ’
62 1571 195 1630 Praeterea
200 1565 273 1642 jacet
282 1565 437 1622 exanimum
449 1566 499 1623 tibi
508 1585 606 1644 corpus
619 1567 711 1636 amici,

62 1668 128 1727 Heu
141 1668 148 1725 Ι
169 1663 263 1732 neseis,
272 1676 414 1741 totamque
426 1662 535 1722 incestat
547 1663 642 1723 funere
653 1662 780 1734 classem
822 1687 834 1730 ι
839 1686 878 1751 50

60 1762 141 1821 Dum
152 1757 274 1819 consulta
285 1757 365 1836 petis,
384 1757 528 1835 nostroque
538 1758 567 1816 in
579 1756 676 1819 limine
687 1758 798 1838 pendes.

12 1856 17 1862 ’
60 1855 175 1918 S'edibus
185 1854 341 1933 huncfrefer
350 1867 413 1914 ante
425 1851 486 1923 suis,
504 1853 632 1915 &conde
646 1855 780 1936 sepulcro.

60 1954 126 2014 Duc
135 1950 225 2028 nigras
237 1947 369 2027 pecudes:
389 1966 422 2006 ea
435 1947 525 2026 prima
534 1947 642 2027 piacula
652 1949 742 2011 sunto.

60 2051 106 2111 Sic
118 2048 231 2108 demum
243 2047 319 2107 lucos
332 2046 454 2125 Stygios,
473 2065 558 2126 regna
568 2048 644 2107 invia
654 2047 736 2121 vivis,

59 2148 193 2231 Aspicies.
213 2147 297 2215 dixit,⁴
312 2147 453 2226 pressoque
462 2146 601 2206 obmutuit
610 2167 668 2208 ore.
816 2167 873 2234 155

61 2246 173 2312 AEneau
183 2241 279 2300 moeiio
286 2241 391 2301 defixus
396 2241 502 2300 lumina
508 2240 587 2300 vultu
599 2269 603 2275 ·

58 2332 225 2422 Ingreditur,
244 2340 370 2420 linquens
379 2353 499 2409 antrum,
525 2337 664 2419 caecosque
677 2338 783 2402 volutat

58 2437 180 2497 Eventus
189 2435 402 2495 animoieeum:
421 2435 466 2494 cui
477 2430 547 2492 fidus
556 2433 678 2494 Achates

57 2533 197 2599 Itcumes,
216 2537 242 2590 &
258 2528 368 2610 paribus
379 2529 451 2590 euris
462 2527 651 2609 vestigiafigit.

56 2627 151 2690 Multa
161 2627 232 2687 inter
244 2628 297 2690 sese
309 2628 386 2690 vario
398 2628 521 2688 sermone
532 2627 673 2689 serebant:
813 2629 870 2691 160

55 2726 150 2803 Qem
162 2721 266 2783 socium
277 2725 431 2785 exanimem
444 2737 529 2794 vates,
548 2725 624 2804 quod
641 2743 740 2804 eorpus
753 2725 869 2791 humau-
882 2790 886 2797 ¹

135 2818 203 2879 dum
657 2828 659 2832 ’
792 2838 794 2842 “

57 2914 182 2978 Diceret.
205 2929 287 2995 atque
297 2916 340 2975 iili
351 2916 492 2978 Misenum
503 2916 533 2976 in
544 2915 624 2978 litore
633 2918 713 2989 liceo,
837 2930 841 2938 ·

56 3012 221 3081 Utvenere‚
239 3006 755 3097 videntiudignamorteperemptumc
872 3029 874 3032 ’

81 3105 169 3167 rou.
189 3107 230 3170 rr.
520 3109 550 3172 u
609 3147 617 3162 .
742 3100 914 3164 uuum
