2048 3488
102 191 170 281 116
220 191 803 295 P.V1ae1a11MaaoaJ1s

108 333 203 411 Atque
214 329 260 387 hic
269 329 367 387 auratis
378 328 493 405 vplitans
505 346 646 409 argenteus
657 333 734 393 anser

106 425 259 488 Porticibus
277 424 375 484 Gallos
384 425 414 483 ia
426 425 521 485 limine
528 426 613 486 adeffe
626 429 754 490 canebat:

109 525 189 588 Galli
208 545 257 605 per
265 523 363 582 dumos
372 522 497 594 aderant‚'
511 515 655 605 arcemqee
665 528 804 598 tenebant.

110 621 223 684 Defensa
234 618 360 689 tenebris,
379 624 404 677 &
417 618 492 677 dono
504 621 590 680 noetis
603 639 705 702 opacae.

110 723 204 783 Aurea
211 716 328 778 caesaries
339 714 410 783 ollis,
429 730 512 794 atque
523 736 604 777 aurea
615 719 702 786 vestis.¹

111 813 234 895 virgatis
240 812 332 870 lucent
344 809 441 888 sagulis
448 834 458 876 ;
471 808 535 869 'tum
544 808 720 872 laelea'colla·
764 796 775 875 Ᾰτ
789 836 792 857 =

112 914 192 973 Auro
201 910 384 969 innectuntur.
414 905 471 965 duo
483 907 596 986 quisque
608 909 853 989 Alpina‘coiuscan

113 1005 196 1068 Gaesa
213 1024 306 1072 manu,
328 1000 408 1061 scutis
421 1004 535 1081 proteffl
544 1000 673 1082 corpora·
681 1006 783 1086 longia.
805 1024 809 1031 ·
828 1008 833 1017 '

113 1101 172 1161 Hic
183 1097 332 1160 exultantes
345 1094 441 1165 Salios,
460 1095 600 1176 nudosque
617 1099 776 1178 Lupercoe,'
843 1104 846 1109 '

113 1189 317 1273 lanigerosque
328 1188 428 1267 apices,
448 1195 473 1249 δι
486 1187 559 1268 lapsa
570 1191 669 1257 ancilia
681 1192 753 1255 ooelo

113 1288 272 1369 Extuderat.
298 1285 374 1344 castae
385 1282 521 1344 ducebant
531 1283 603 1344 sacra
614 1305 664 1364 per
676 1287 772 1363 urbem

114 1384 226 1448 Pilentis
238 1397 335 1443 matres
344 1383 374 1440 in
386 1381 524 1464 molljbus.
544 1380 607 1442 hinc
620 1384 718 1462 procul
733 1383 810 1446 addit

113 1485 259 1542 Tartareas
271 1478 354 1539 etiam
367 1462 451 1546 ¹sedes,
469 1476 525 1536 alta
533 1477 598 1536 ostia
605 1477 691 1547 Ditis,

115 1584 153 1644 Et
161 1581 290 1642 scelerum
299 1597 391 1657 poenas
397 1603 406 1644 ;
427 1583 453 1636 δι
464 1591 501 1645 te,
520 1577 651 1648 Catilina,
668 1578 769 1640 minaci
844 1588 847 1595 '

115 1679 281 1741 Pendentem
293 1673 414 1752 scopulo,
432 1672 617 1752 furiarumque
629 1693 678 1733 ora
696 1689 853 1736 trementem

116 1770 290 1848 Secretosque
302 1768 378 1846 pios:
397 1765 438 1824 his
450 1766 630 1843 dantemjura
638 1767 784 1828 Catonem.

116 1871 188 1930 Haec
208 1869 279 1925 inter
294 1861 392 1921 tumidi
413 1862 467 1921 late
486 1863 568 1922 maris
589 1863 649 1925 ibat
661 1863 757 1945 image

116 1971 225 2033 Aurea;
242 1961 286 2022 sed
298 1962 379 2020 flueu
391 1957 550 2039 spumabant
560 1963 657 2023 eaerula
666 1983 753 2024 cano:

115 2063 154 2121 Et
164 2059 268 2118 circum
279 2067 392 2134 argento
404 2053 473 2112 clari·
482 2053 622 2132 delphines
630 2055 660 2115 ia
673 2056 769 2117 orbem
794 2118 798 2125 ,
811 2090 816 2099 ,

114 2162 241 2240 Aequora
249 2150 391 2213 verrebant
403 2151 504 2233 caudis,
523 2134 669 2234 astumque
679 2153 814 2219 secabant.

114 2261 150 2320 In
159 2253 250 2315 medio
262 2249 350 2311 claffes
361 2262 463 2317 aeratas,
482 2248 563 2308 Affla
572 2249 654 2320 bella,
768 2310 771 2315 ,

116 2357 235 2414 Cernere
243 2361 317 2409 erat:
336 2360 480 2425 totumque
491 2345 617 2407 instructo
627 2349 718 2409 Marte
726 2349 833 2412 videres

115 2454 230 2512 Fervere
239 2448 385 2513 Leucaten,
402 2460 523 2520 auroque
530 2443 658 2523 effulgere
668 2446 775 2504 fluetus.

115 2549 193 2608 Hinc
201 2542 336 2623 Augustus
344 2559 426 2620 agens
438 2540 521 2600 Italos
530 2541 559 2599 in
571 2540 665 2620 praelia
676 2540 775 2610 Caesar,

114 2647 189 2706 Cum
197 2638 327 2722 patribus,
337 2637 504 2716 populoque,
513 2638 665 2717 penatibus,
677 2644 703 2698 &
715 2638 853 2717 magnis&

115 2745 194 2802 Stans
200 2735 270 2797 celsa
278 2736 307 2793 in
315 2734 402 2815 puppi
413 2756 420 2793 ι
439 2735 561 2813 geminas
572 2735 617 2795 eui
629 2749 754 2814 tempora
764 2736 853 2795 flamu

114 2842 192 2900 Laeta
203 2848 328 2901 vomunt,
344 2826 517 2912 patriumque
527 2832 646 2911 aperitur
655 2834 756 2892 vertice
763 2831 843 2895 fidus.

113 2939 193 2996 Parte
204 2933 258 2992 alia
269 2931 356 2991 ventis
375 2937 400 2990 &
414 2930 456 2989 dis
469 2932 594 3011 Agrippa
604 2930 735 3001 secundia,

114 3031 225 3092 Arduus
243 3047 342 3110 agmen
351 3046 453 3126 agene}
473 3027 528 3098 cui,
550 3027 616 3089 belli
627 3027 730 3108 infigne
738 3024 853 3178 suppbu

810 3135 853 3178 em
