2048 3488
215 213 235 276 ἴ
260 192 500 280 AEueroos,
526 184 679 265 Lim
703 184 766 267 Vl.
864 215 910 295 39

87 320 229 386 Maternus
243 321 365 403 agnoscit
377 340 451 390 aves,
471 319 603 397 laetusqoe
613 320 756 399 precatur:
801 323 804 326 ’
858 346 860 351 ⁴

87 419 150 484 Este
166 423 248 482 duces
263 442 291 492 o,
310 423 386 502 siqua
399 419 446 478 via
457 414 504 490 eru
538 416 701 498 cursumque
711 439 761 498 per
772 438 851 479 aurae
892 451 894 456 ⁴

89 520 212 598 Dirigite
226 519 254 577 in
267 519 354 587 lucos,
376 515 423 575 ubi
436 515 568 594 pinguem
583 513 663 573 dives
674 528 773 595 opacet
855 518 907 599 193

87 616 194 676 Remus
206 617 320 674 hornum
332 637 339 673 :
366 629 452 691 tuque
465 632 484 670 ο
496 608 634 670 dubiiene
642 611 728 672 defice
739 611 829 684 rebor,

87 709 166 769 Diva
182 708 293 788 perenn
331 707 367 766 s1c
389 706 487 764 effatur
505 705 618 784 vestigia
625 705 724 784 pressu,

12 803 16 811 ’
87 808 244 866 Observans
258 827 319 886 quae
330 805 405 884 signa
414 803 512 873 ferant,
522 800 590 882 'quo
602 801 713 864 tendere
723 822 848 887 pergant.

85 905 228 966 Pascentes
240 904 295 964 illae
304 915 410 962 tanturn
420 901 530 981 prodire
542 900 671 971 volando,

88 1009 232 1088 Qantum
245 1008 305 1068 acie
316 1007 419 1087 possent
432 1006 505 1066 oculi
514 1005 618 1065 servare
628 1006 798 1086 sequentum.
840 1031 911 1076 τοο,

87 1108 169 1178 lude,
188 1108 236 1167 ubi
248 1110 346 1166 venere
357 1104 392 1164 ad
405 1105 495 1164 fauces
508 1123 591 1182 grave
602 1104 700 1165 olentis
713 1107 830 1182 Averni,

87 1207 209 1266 Tollunt
220 1207 247 1266 se
260 1207 370 1276 celeres,
389 1204 582 1283 liquidumque
592 1223 642 1284 per
652 1208 716 1265 ae'ra
728 1206 818 1287 lapsae,

89 1301 203 1363 Sedibus
216 1303 316 1385 optatis
324 1301 435 1381 gemina
442 1299 525 1378 „super
533 1299 630 1359 arbore
642 1300 747 1369 sidunt3
866 1309 869 1313 ’

86 1399 217 1461 Discolor
229 1401 302 1460 unde
313 1400 372 1459 auri
387 1419 435 1478 per
446 1417 536 1456 mmos
547 1417 613 1456 aura
622 1397 735 1458 refulfit.

87 1496 179 1575 Qale
192 1497 259 1556 solet
271 1495 353 1574 sylvis
361 1494 479 1553 brumali
492 1491 594 1571 frigore
605 1493 709 1552 viscum
834 1516 903 1585 ,²05

87 1588 197 1649 Fronde
210 1591 297 1649 virere
309 1606 390 1655 nova,
411 1585 484 1664 quod
498 1605 554 1645 non
566 1585 613 1644 sua
623 1584 736 1646 seminat
746 1584 837 1658 arbor,

86 1687 125 1746 Et
137 1707 234 1748 croceo
247 1687 317 1746 foetu
325 1698 421 1744 teretes
431 1681 598 1765 circumdare
609 1697 730 1745 truncos.

86 1783 167 1842 Talis
178 1798 235 1844 erat
243 1782 343 1862 species
355 1780 414 1839 auri
423 1777 574 1839 frondentis
584 1799 672 1860 opaca

85 1882 154 1943 Ilice
171 1908 181 1950 ς
197 1883 234 1942 fic
244 1883 301 1943 leni
314 1882 463 1962 crepitabat
473 1883 582 1943 braden
594 1897 687 1944 vento.

86 1978 213 2057 Corripit
223 1979 363 2059 externplo
375 1977 488 2051 AEneas,
505 1978 654 2060 avidusque
665 1980 791 2060 refringit
829 1987 830 1990 ’
846 2000 904 2043 210

84 2073 278 2148 cremantem,
306 2085 332 2138 δε
341 2079 411 2138 vatis
422 2093 513 2158 portat
523 2077 573 2138 sub
584 2082 655 2140 mela
663 2078 784 2159 sibyllae.

84 2171 150 2231 Nec
162 2173 253 2234 minus
264 2176 366 2236 interea
376 2175 516 2236 Misenum
527 2177 557 2234 in
568 2176 649 2238 litore
659 2179 765 2238 Teucri

83 2267 210 2340 Flebant,
229 2278 256 2330 δι
268 2272 352 2348 cineri
361 2273 470 2352 ingrato
478 2271 602 2353 suprema
611 2272 744 2333 ferebant.

82 2365 224 2447 Principio
235 2369 367 2450 pinguem
379 2368 456 2430 tardis
475 2369 612 2429 &robore
625 2370 697 2430 sesto
910 2433 911 2437 ,

83 2463 230 2542 ingentem
243 2456 359 2532 struxere
367 2484 485 2544 pyramr
503 2466 548 2524 cui
565 2465 707 2526 frondibus
719 2467 785 2536 atriu
843 2485 876 2527 21
884 2486 898 2548 ς

82 2561 216 2623 intexunt
225 2558 320 2632 latera,
339 2561 473 2623 &ferales
485 2578 549 2622 ante
560 2564 693 2643 cupressos
735 2563 736 2570 ’

83 2658 271 2729 constituunt,
289 2658 475 2738 decorantque
486 2658 566 2739 super
577 2659 746 2742 fulgentibus
766 2661 859 2721 armis.

82 2757 147 2817 Pars
159 2756 263 2818 calidos
274 2758 367 2819 latices
377 2759 496 2819 &ahena
504 2759 633 2821 undantia
645 2763 762 2821 flammis

82 2853 251 2934 Expediunt‚
276 2854 428 2936 corpusque
443 2856 537 2917 lavant
549 2858 712 2939 frigentis&
727 2871 861 2938 unguunt.
880 2874 881 2879 ’

82 2951 129 3011 Fit
140 2953 267 3031 gemitus.
286 2944 347 3015 tum
361 2955 486 3015 membra
498 2971 561 3032 toro
570 2956 667 3016 defleta
676 2971 826 3037 reponunt,
845 2973 902 3016 220

81 3046 288 3137 Purpureusque
296 3049 378 3132 super
384 3053 481 3125 vellen,
496 3052 633 3114 velamina
642 3065 718 3121 nota,

82 3140 94 3173 Γ
526 3149 550 3208 E
576 3167 592 3206 2
716 3163 718 3168 ·
828 3145 904 3207 Con·
